<?xml version="1.0" encoding="UTF-8"?>
<!DOCTYPE html PUBLIC "-//W3C//DTD XHTML 1.0 Transitional//EN"
    "http://www.w3.org/TR/xhtml1/DTD/xhtml1-transitional.dtd">
<html xmlns="http://www.w3.org/1999/xhtml" xml:lang="en" lang="en">
 <head>
  <title>
</title>
<meta http-equiv="Content-Type" content="text/html;charset=utf-8" />
  <meta name='ocr-system' content='tesseract 3.04.00' />
  <meta name='ocr-capabilities' content='ocr_page ocr_carea ocr_par ocr_line ocrx_word'/>
</head>
<body>
  <div class='ocr_page' id='page_1' title='image "./noctesmaniliana00elligoog/noctesmaniliana00elligoog_0256.png"; bbox 0 0 2760 4448; ppageno 0'>
   <div class='ocr_carea' id='block_1_1' title="bbox 449 267 1210 339">
    <p class='ocr_par' dir='ltr' id='par_1_1' title="bbox 449 267 1210 339">
     <span class='ocr_line' id='line_1_1' title="bbox 449 267 1210 339; baseline 0.001 -20"><span class='ocrx_word' id='word_1_1' title='bbox 449 270 503 319; x_wconf 84' lang='lat' dir='ltr'>AD</span> <span class='ocrx_word' id='word_1_2' title='bbox 526 269 681 319; x_wconf 84' lang='lat' dir='ltr'><em>ARATEA</em></span> <span class='ocrx_word' id='word_1_3' title='bbox 709 268 930 319; x_wconf 82' lang='lat' dir='ltr'><em>GERMANICI</em></span> <span class='ocrx_word' id='word_1_4' title='bbox 1149 267 1210 339; x_wconf 79' lang='lat'>237</span> 
     </span>
    </p>
   </div>
   <div class='ocr_carea' id='block_1_2' title="bbox 161 426 1218 2185">
    <p class='ocr_par' dir='ltr' id='par_1_2' title="bbox 283 426 1109 605">
     <span class='ocr_line' id='line_1_2' title="bbox 285 426 1109 508; baseline -0.001 -22"><span class='ocrx_word' id='word_1_5' title='bbox 285 429 441 508; x_wconf 83' lang='lat' dir='ltr'>Vnguibus</span> <span class='ocrx_word' id='word_1_6' title='bbox 462 429 597 489; x_wconf 90' lang='lat' dir='ltr'>innocuis</span> <span class='ocrx_word' id='word_1_7' title='bbox 617 427 778 506; x_wconf 84' lang='lat' dir='ltr'>Phrygium</span> <span class='ocrx_word' id='word_1_8' title='bbox 798 429 893 506; x_wconf 85' lang='lat' dir='ltr'><strong>rapuit</strong></span> <span class='ocrx_word' id='word_1_9' title='bbox 914 426 1109 504; x_wconf 85' lang='lat' dir='ltr'>Ganymeden</span> 
     </span>
     <span class='ocr_line' id='line_1_3' title="bbox 283 527 1060 605; baseline -0.003 -17"><span class='ocrx_word' id='word_1_10' title='bbox 283 530 322 588; x_wconf 90' lang='lat' dir='ltr'>Et</span> <span class='ocrx_word' id='word_1_11' title='bbox 344 529 402 588; x_wconf 89' lang='lat' dir='ltr'>telo</span> <span class='ocrx_word' id='word_1_12' title='bbox 422 529 574 605; x_wconf 89' lang='lat' dir='ltr'>appositus</span> <span class='ocrx_word' id='word_1_13' title='bbox 596 538 709 600; x_wconf 90' lang='lat' dir='ltr'>custos,·</span> <span class='ocrx_word' id='word_1_14' title='bbox 726 546 817 604; x_wconf 91' lang='lat' dir='ltr'>quom</span> <span class='ocrx_word' id='word_1_15' title='bbox 838 527 969 604; x_wconf 88' lang='lat' dir='ltr'>Iuppiter</span> <span class='ocrx_word' id='word_1_16' title='bbox 990 527 1060 586; x_wconf 86' lang='lat' dir='ltr'>arsit</span> 
     </span>
    </p>

    <p class='ocr_par' dir='ltr' id='par_1_3' title="bbox 206 624 1033 704">
     <span class='ocr_line' id='line_1_4' title="bbox 206 624 1033 704; baseline -0.005 -18"><span class='ocrx_word' id='word_1_17' title='bbox 206 646 264 704; x_wconf 80' lang='lat'>320</span> <span class='ocrx_word' id='word_1_18' title='bbox 286 628 323 686; x_wconf 91' lang='lat' dir='ltr'>In</span> <span class='ocrx_word' id='word_1_19' title='bbox 344 644 445 704; x_wconf 88' lang='lat' dir='ltr'>puer0,</span> <span class='ocrx_word' id='word_1_20' title='bbox 468 626 519 685; x_wconf 92' lang='lat' dir='ltr'>luit</span> <span class='ocrx_word' id='word_1_21' title='bbox 540 626 656 685; x_wconf 87' lang='lat' dir='ltr'>excidio</span> <span class='ocrx_word' id='word_1_22' title='bbox 676 643 763 702; x_wconf 88' lang='lat' dir='ltr'>quern</span> <span class='ocrx_word' id='word_1_23' title='bbox 785 624 875 685; x_wconf 90' lang='lat' dir='ltr'>Troia</span> <span class='ocrx_word' id='word_1_24' title='bbox 896 625 1033 684; x_wconf 88' lang='lat' dir='ltr'>furorem.</span> 
     </span>
    </p>

    <p class='ocr_par' dir='ltr' id='par_1_4' title="bbox 161 722 1214 912">
     <span class='ocr_line' id='line_1_5' title="bbox 204 722 1214 804; baseline -0.003 -19"><span class='ocrx_word' id='word_1_25' title='bbox 204 740 261 804; x_wconf 80' lang='lat'>317</span> <span class='ocrx_word' id='word_1_26' title='bbox 278 726 325 785; x_wconf 91' lang='lat' dir='ltr'>hic</span> <span class='ocrx_word' id='word_1_27' title='bbox 341 725 519 785; x_wconf 89' lang='lat' dir='ltr'>Catamitum</span> <span class='ocrx_word' id='word_1_28' title='bbox 537 723 661 783; x_wconf 80' lang='lat' dir='ltr'>Oretlens</span> <span class='ocrx_word' id='word_1_29' title='bbox 678 742 747 783; x_wconf 90' lang='lat' dir='ltr'>aruo</span> <span class='ocrx_word' id='word_1_30' title='bbox 764 723 934 801; x_wconf 80' lang='lat' dir='ltr'>Breysigeus</span> <span class='ocrx_word' id='word_1_31' title='bbox 948 725 1074 802; x_wconf 83' lang='lat' dir='ltr'>armiger</span> <span class='ocrx_word' id='word_1_32' title='bbox 1088 722 1214 784; x_wconf 78' lang='lat' dir='ltr'>arduos:</span> 
     </span>
     <span class='ocr_line' id='line_1_6' title="bbox 161 823 864 912; baseline -0.006 -27"><span class='ocrx_word' id='word_1_33' title='bbox 161 825 209 886; x_wconf 87' lang='lat' dir='ltr'>hic</span> <span class='ocrx_word' id='word_1_34' title='bbox 223 845 293 884; x_wconf 90' lang='lat' dir='ltr'>narn</span> <span class='ocrx_word' id='word_1_35' title='bbox 306 823 498 882; x_wconf 82' lang='lat' dir='ltr'>Baehrensius</span> <span class='ocrx_word' id='word_1_36' title='bbox 512 833 612 912; x_wconf 82' lang='lat' dir='ltr'>aptum</span> <span class='ocrx_word' id='word_1_37' title='bbox 627 825 672 882; x_wconf 86' lang='lat' dir='ltr'>uel</span> <span class='ocrx_word' id='word_1_38' title='bbox 684 823 794 882; x_wconf 90' lang='lat' dir='ltr'>audens</span> <span class='ocrx_word' id='word_1_39' title='bbox 807 842 864 900; x_wconf 80' lang='lat' dir='ltr'>ego.</span> 
     </span>
    </p>

    <p class='ocr_par' dir='ltr' id='par_1_5' title="bbox 161 919 1218 2185">
     <span class='ocr_line' id='line_1_7' title="bbox 203 919 1214 982; baseline -0.004 0"><span class='ocrx_word' id='word_1_40' title='bbox 203 922 453 982; x_wconf 88' lang='lat' dir='ltr'>Emendationum</span> <span class='ocrx_word' id='word_1_41' title='bbox 481 922 561 980; x_wconf 92' lang='lat' dir='ltr'>nulla</span> <span class='ocrx_word' id='word_1_42' title='bbox 589 920 733 981; x_wconf 85' lang='lat' dir='ltr'><strong>satisfacit.</strong></span> <span class='ocrx_word' id='word_1_43' title='bbox 776 920 806 980; x_wconf 92' lang='lat' dir='ltr'>Si</span> <span class='ocrx_word' id='word_1_44' title='bbox 828 921 919 979; x_wconf 85' lang='lat' dir='ltr'>Addit</span> <span class='ocrx_word' id='word_1_45' title='bbox 943 921 973 979; x_wconf 92' lang='lat' dir='ltr'>in</span> <span class='ocrx_word' id='word_1_46' title='bbox 998 919 1078 979; x_wconf 90' lang='lat' dir='ltr'>MSS</span> <span class='ocrx_word' id='word_1_47' title='bbox 1103 920 1214 980; x_wconf 85' lang='lat' dir='ltr'>iactum</span> 
     </span>
     <span class='ocr_line' id='line_1_8' title="bbox 161 1020 1213 1096; baseline -0.006 -14"><span class='ocrx_word' id='word_1_48' title='bbox 161 1031 207 1082; x_wconf 89' lang='lat' dir='ltr'>est</span> <span class='ocrx_word' id='word_1_49' title='bbox 229 1022 321 1080; x_wconf 84' lang='lat' dir='ltr'>Ardet</span> <span class='ocrx_word' id='word_1_50' title='bbox 344 1025 405 1094; x_wconf 82' lang='lat'>640</span> <span class='ocrx_word' id='word_1_51' title='bbox 425 1020 519 1080; x_wconf 87' lang='lat' dir='ltr'>Ardet</span> <span class='ocrx_word' id='word_1_52' title='bbox 540 1027 566 1079; x_wconf 90' lang='lat' dir='ltr'>et</span> <span class='ocrx_word' id='word_1_53' title='bbox 584 1021 778 1080; x_wconf 82' lang='lat' dir='ltr'><em>Andromedae</em></span> <span class='ocrx_word' id='word_1_54' title='bbox 802 1022 897 1078; x_wconf 89' lang='lat' dir='ltr'>nultus</span> <span class='ocrx_word' id='word_1_55' title='bbox 917 1027 944 1079; x_wconf 90' lang='lat' dir='ltr'>et</span> <span class='ocrx_word' id='word_1_56' title='bbox 962 1023 1093 1080; x_wconf 76' lang='lat' dir='ltr'>maxim</span> <span class='ocrx_word' id='word_1_57' title='bbox 1108 1021 1213 1096; x_wconf 78' lang='lat' dir='ltr'><em>pristis</em></span> 
     </span>
     <span class='ocr_line' id='line_1_9' title="bbox 162 1119 1213 1196; baseline -0.003 -16"><span class='ocrx_word' id='word_1_58' title='bbox 162 1122 214 1181; x_wconf 91' lang='lat' dir='ltr'>ubi</span> <span class='ocrx_word' id='word_1_59' title='bbox 232 1131 309 1180; x_wconf 91' lang='lat' dir='ltr'>recte</span> <span class='ocrx_word' id='word_1_60' title='bbox 325 1119 444 1180; x_wconf 92' lang='lat' dir='ltr'>Grotius</span> <span class='ocrx_word' id='word_1_61' title='bbox 463 1120 629 1179; x_wconf 90' lang='lat' dir='ltr'>emendauit</span> <span class='ocrx_word' id='word_1_62' title='bbox 643 1120 734 1179; x_wconf 82' lang='lat' dir='ltr'>Addit</span> <span class='ocrx_word' id='word_1_63' title='bbox 749 1126 776 1178; x_wconf 92' lang='lat' dir='ltr'>et</span> <span class='ocrx_word' id='word_1_64' title='bbox 787 1119 961 1178; x_wconf 82' lang='lat' dir='ltr'>Andromede</span> <span class='ocrx_word' id='word_1_65' title='bbox 982 1121 1084 1191; x_wconf 88' lang='lat' dir='ltr'>nultus,</span> <span class='ocrx_word' id='word_1_66' title='bbox 1101 1127 1213 1196; x_wconf 88' lang='lat' dir='ltr'>poterat</span> 
     </span>
     <span class='ocr_line' id='line_1_10' title="bbox 161 1217 1214 1297; baseline -0.003 -18"><span class='ocrx_word' id='word_1_67' title='bbox 161 1227 259 1297; x_wconf 84' lang='lat' dir='ltr'>aptum</span> <span class='ocrx_word' id='word_1_68' title='bbox 282 1219 312 1277; x_wconf 92' lang='lat' dir='ltr'>in</span> <span class='ocrx_word' id='word_1_69' title='bbox 335 1219 438 1276; x_wconf 83' lang='lat' dir='ltr'>ardum</span> <span class='ocrx_word' id='word_1_70' title='bbox 462 1218 564 1277; x_wconf 89' lang='lat' dir='ltr'>uitiari.</span> <span class='ocrx_word' id='word_1_71' title='bbox 615 1218 724 1277; x_wconf 88' lang='lat' dir='ltr'>Sensus</span> <span class='ocrx_word' id='word_1_72' title='bbox 745 1218 815 1277; x_wconf 91' lang='lat' dir='ltr'>erit:</span> <span class='ocrx_word' id='word_1_73' title='bbox 845 1236 907 1277; x_wconf 93' lang='lat' dir='ltr'>non</span> <span class='ocrx_word' id='word_1_74' title='bbox 929 1227 973 1277; x_wconf 93' lang='lat' dir='ltr'>est</span> <span class='ocrx_word' id='word_1_75' title='bbox 997 1217 1165 1278; x_wconf 89' lang='lat' dir='ltr'>mirandum</span> <span class='ocrx_word' id='word_1_76' title='bbox 1189 1218 1214 1276; x_wconf 91' lang='lat' dir='ltr'>si</span> 
     </span>
     <span class='ocr_line' id='line_1_11' title="bbox 162 1316 1213 1395; baseline -0.003 -17"><span class='ocrx_word' id='word_1_77' title='bbox 162 1319 280 1395; x_wconf 87' lang='lat' dir='ltr'>Aquila,</span> <span class='ocrx_word' id='word_1_78' title='bbox 297 1317 429 1375; x_wconf 90' lang='lat' dir='ltr'>ministra</span> <span class='ocrx_word' id='word_1_79' title='bbox 446 1316 525 1375; x_wconf 90' lang='lat' dir='ltr'>Iouis</span> <span class='ocrx_word' id='word_1_80' title='bbox 548 1335 705 1390; x_wconf 86' lang='lat' dir='ltr'>armorum,</span> <span class='ocrx_word' id='word_1_81' title='bbox 727 1317 757 1375; x_wconf 92' lang='lat' dir='ltr'>in</span> <span class='ocrx_word' id='word_1_82' title='bbox 779 1317 874 1377; x_wconf 88' lang='lat' dir='ltr'>stellas</span> <span class='ocrx_word' id='word_1_83' title='bbox 895 1317 984 1377; x_wconf 90' lang='lat' dir='ltr'>relata</span> <span class='ocrx_word' id='word_1_84' title='bbox 1004 1328 1056 1378; x_wconf 88' lang='lat' dir='ltr'>est.</span> <span class='ocrx_word' id='word_1_85' title='bbox 1099 1317 1213 1376; x_wconf 87' lang='lat' dir='ltr'>Eadem</span> 
     </span>
     <span class='ocr_line' id='line_1_12' title="bbox 163 1412 1215 1495; baseline 0 -20"><span class='ocrx_word' id='word_1_86' title='bbox 163 1427 262 1476; x_wconf 86' lang='lat' dir='ltr'>tamen</span> <span class='ocrx_word' id='word_1_87' title='bbox 290 1425 334 1474; x_wconf 88' lang='lat' dir='ltr'>est</span> <span class='ocrx_word' id='word_1_88' title='bbox 362 1433 437 1492; x_wconf 88' lang='lat' dir='ltr'>quae</span> <span class='ocrx_word' id='word_1_89' title='bbox 462 1412 666 1492; x_wconf 87' lang='lat' dir='ltr'>Ganymeden,</span> <span class='ocrx_word' id='word_1_90' title='bbox 690 1426 792 1493; x_wconf 90' lang='lat' dir='ltr'>aptum</span> <span class='ocrx_word' id='word_1_91' title='bbox 820 1416 881 1475; x_wconf 85' lang='lat' dir='ltr'>siue</span> <span class='ocrx_word' id='word_1_92' title='bbox 909 1425 1039 1495; x_wconf 85' lang='lat' dir='ltr'>aptatum</span> <span class='ocrx_word' id='word_1_93' title='bbox 1067 1416 1215 1493; x_wconf 85' lang='lat' dir='ltr'>unguibus</span> 
     </span>
     <span class='ocr_line' id='line_1_13' title="bbox 163 1514 1215 1592; baseline 0.001 -19"><span class='ocrx_word' id='word_1_94' title='bbox 163 1516 204 1573; x_wconf 91' lang='lat' dir='ltr'>ita</span> <span class='ocrx_word' id='word_1_95' title='bbox 228 1522 260 1572; x_wconf 89' lang='lat' dir='ltr'>ut</span> <span class='ocrx_word' id='word_1_96' title='bbox 287 1532 349 1572; x_wconf 92' lang='lat' dir='ltr'>non</span> <span class='ocrx_word' id='word_1_97' title='bbox 373 1523 513 1573; x_wconf 87' lang='lat' dir='ltr'>nocerent</span> <span class='ocrx_word' id='word_1_98' title='bbox 536 1533 637 1591; x_wconf 89' lang='lat' dir='ltr'>puero,</span> <span class='ocrx_word' id='word_1_99' title='bbox 659 1516 697 1574; x_wconf 87' lang='lat' dir='ltr'>ab</span> <span class='ocrx_word' id='word_1_100' title='bbox 717 1515 771 1574; x_wconf 88' lang='lat' dir='ltr'>Ida</span> <span class='ocrx_word' id='word_1_101' title='bbox 795 1514 897 1592; x_wconf 83' lang='lat' dir='ltr'>rapuit,</span> <span class='ocrx_word' id='word_1_102' title='bbox 918 1526 946 1574; x_wconf 92' lang='lat' dir='ltr'>et</span> <span class='ocrx_word' id='word_1_103' title='bbox 966 1524 1029 1574; x_wconf 90' lang='lat' dir='ltr'>tum</span> <span class='ocrx_word' id='word_1_104' title='bbox 1049 1525 1147 1574; x_wconf 91' lang='lat' dir='ltr'>custos</span> <span class='ocrx_word' id='word_1_105' title='bbox 1171 1524 1215 1574; x_wconf 89' lang='lat' dir='ltr'>est</span> 
     </span>
     <span class='ocr_line' id='line_1_14' title="bbox 164 1611 1214 1692; baseline 0 -20"><span class='ocrx_word' id='word_1_106' title='bbox 164 1612 297 1690; x_wconf 89' lang='lat' dir='ltr'>apposita</span> <span class='ocrx_word' id='word_1_107' title='bbox 325 1611 447 1684; x_wconf 85' lang='lat' dir='ltr'>fulmini,</span> <span class='ocrx_word' id='word_1_108' title='bbox 473 1631 533 1689; x_wconf 93' lang='lat' dir='ltr'>quo</span> <span class='ocrx_word' id='word_1_109' title='bbox 558 1623 689 1691; x_wconf 88' lang='lat' dir='ltr'>tempore</span> <span class='ocrx_word' id='word_1_110' title='bbox 712 1614 842 1691; x_wconf 88' lang='lat' dir='ltr'>Iuppiter</span> <span class='ocrx_word' id='word_1_111' title='bbox 865 1613 1060 1692; x_wconf 81' lang='lat' dir='ltr'>Ganymeden</span> <span class='ocrx_word' id='word_1_112' title='bbox 1084 1613 1214 1690; x_wconf 86' lang='lat' dir='ltr'>deperiit.</span> 
     </span>
     <span class='ocr_line' id='line_1_15' title="bbox 166 1712 1216 1789; baseline 0 -19"><span class='ocrx_word' id='word_1_113' title='bbox 166 1712 292 1770; x_wconf 87' lang='lat' dir='ltr'>Additur</span> <span class='ocrx_word' id='word_1_114' title='bbox 315 1717 414 1783; x_wconf 86' lang='lat' dir='ltr'>tamen,</span> <span class='ocrx_word' id='word_1_115' title='bbox 439 1729 478 1770; x_wconf 92' lang='lat' dir='ltr'>ne</span> <span class='ocrx_word' id='word_1_116' title='bbox 502 1712 566 1789; x_wconf 88' lang='lat' dir='ltr'>quis</span> <span class='ocrx_word' id='word_1_117' title='bbox 590 1714 711 1772; x_wconf 90' lang='lat' dir='ltr'>miretur</span> <span class='ocrx_word' id='word_1_118' title='bbox 733 1713 763 1771; x_wconf 94' lang='lat' dir='ltr'>in</span> <span class='ocrx_word' id='word_1_119' title='bbox 788 1713 876 1772; x_wconf 88' lang='lat' dir='ltr'>stellis</span> <span class='ocrx_word' id='word_1_120' title='bbox 904 1722 1104 1773; x_wconf 87' lang='lat' dir='ltr'>consecratam</span> <span class='ocrx_word' id='word_1_121' title='bbox 1128 1725 1216 1771; x_wconf 88' lang='lat' dir='ltr'>auem</span> 
     </span>
     <span class='ocr_line' id='line_1_16' title="bbox 165 1809 1215 1888; baseline 0.005 -21"><span class='ocrx_word' id='word_1_122' title='bbox 165 1829 240 1888; x_wconf 92' lang='lat' dir='ltr'>quae</span> <span class='ocrx_word' id='word_1_123' title='bbox 267 1810 339 1868; x_wconf 90' lang='lat' dir='ltr'>tanti</span> <span class='ocrx_word' id='word_1_124' title='bbox 367 1809 503 1869; x_wconf 84' lang='lat' dir='ltr'>facinoris</span> <span class='ocrx_word' id='word_1_125' title='bbox 530 1811 648 1870; x_wconf 89' lang='lat' dir='ltr'>conscia</span> <span class='ocrx_word' id='word_1_126' title='bbox 675 1810 768 1871; x_wconf 90' lang='lat' dir='ltr'>fuerit.</span> <span class='ocrx_word' id='word_1_127' title='bbox 817 1811 900 1886; x_wconf 86' lang='lat' dir='ltr'>Eleg.</span> <span class='ocrx_word' id='word_1_128' title='bbox 924 1809 1059 1874; x_wconf 88' lang='lat' dir='ltr'>Maecen.</span> <span class='ocrx_word' id='word_1_129' title='bbox 1085 1813 1121 1887; x_wconf 83' lang='lat'>87</span> <span class='ocrx_word' id='word_1_130' title='bbox 1148 1828 1215 1888; x_wconf 83' lang='lat' dir='ltr'>sqq.</span> 
     </span>
     <span class='ocr_line' id='line_1_17' title="bbox 165 1908 1214 1986; baseline 0 -20"><span class='ocrx_word' id='word_1_131' title='bbox 165 1908 258 1966; x_wconf 84' lang='lat' dir='ltr'>Fudit</span> <span class='ocrx_word' id='word_1_132' title='bbox 277 1908 568 1984; x_wconf 26' lang='lat' dir='ltr'>Atozdoslpostqnone</span> <span class='ocrx_word' id='word_1_133' title='bbox 592 1911 748 1968; x_wconf 72' lang='lat' dir='ltr'>dominator</span> <span class='ocrx_word' id='word_1_134' title='bbox 772 1908 887 1986; x_wconf 80' lang='lat' dir='ltr'>Olympi</span> <span class='ocrx_word' id='word_1_135' title='bbox 903 1908 1024 1968; x_wconf 80' lang='lat' dir='ltr'>Dicitur</span> <span class='ocrx_word' id='word_1_136' title='bbox 1044 1910 1074 1967; x_wconf 88' lang='lat' dir='ltr'>in</span> <span class='ocrx_word' id='word_1_137' title='bbox 1094 1909 1214 1968; x_wconf 76' lang='lat' dir='ltr'>nitidum</span> 
     </span>
     <span class='ocr_line' id='line_1_18' title="bbox 161 2007 1218 2084; baseline -0.002 -19"><span class='ocrx_word' id='word_1_138' title='bbox 161 2008 340 2084; x_wconf 80' lang='lat' dir='ltr'>procubuisse</span> <span class='ocrx_word' id='word_1_139' title='bbox 363 2008 444 2078; x_wconf 73' lang='lat' dir='ltr'>diem,</span> <span class='ocrx_word' id='word_1_140' title='bbox 466 2007 558 2082; x_wconf 85' lang='lat' dir='ltr'>Atque</span> <span class='ocrx_word' id='word_1_141' title='bbox 581 2010 706 2084; x_wconf 83' lang='lat' dir='ltr'>equitum</span> <span class='ocrx_word' id='word_1_142' title='bbox 731 2010 837 2066; x_wconf 75' lang='lat' dir='ltr'>mrse&#39;sse</span> <span class='ocrx_word' id='word_1_143' title='bbox 863 2027 953 2079; x_wconf 87' lang='lat' dir='ltr'>suam,</span> <span class='ocrx_word' id='word_1_144' title='bbox 977 2027 1048 2084; x_wconf 82' lang='lat' dir='ltr'>quae</span> <span class='ocrx_word' id='word_1_145' title='bbox 1075 2013 1218 2082; x_wconf 85' lang='lat' dir='ltr'>quaereret</span> 
     </span>
     <span class='ocr_line' id='line_1_19' title="bbox 165 2105 1214 2185; baseline -0.001 -21"><span class='ocrx_word' id='word_1_146' title='bbox 165 2108 263 2182; x_wconf 84' lang='lat' dir='ltr'>ecquid</span> <span class='ocrx_word' id='word_1_147' title='bbox 278 2106 378 2163; x_wconf 87' lang='lat' dir='ltr'>Posset</span> <span class='ocrx_word' id='word_1_148' title='bbox 394 2112 524 2164; x_wconf 77' lang='lat' dir='ltr'>amatura</span> <span class='ocrx_word' id='word_1_149' title='bbox 542 2107 629 2182; x_wconf 82' lang='lat' dir='ltr'>dignu</span> <span class='ocrx_word' id='word_1_150' title='bbox 649 2108 756 2185; x_wconf 62' lang='lat' dir='ltr'>referre</span> <span class='ocrx_word' id='word_1_151' title='bbox 769 2105 843 2165; x_wconf 88' lang='lat' dir='ltr'>Ioui.</span> <span class='ocrx_word' id='word_1_152' title='bbox 892 2106 969 2166; x_wconf 85' lang='lat' dir='ltr'><em>Valle</em></span> <span class='ocrx_word' id='word_1_153' title='bbox 985 2107 1037 2164; x_wconf 89' lang='lat' dir='ltr'>sub</span> <span class='ocrx_word' id='word_1_154' title='bbox 1050 2105 1139 2164; x_wconf 84' lang='lat' dir='ltr'>Idaeo</span> <span class='ocrx_word' id='word_1_155' title='bbox 1156 2112 1214 2163; x_wconf 89' lang='lat' dir='ltr'>tum</span> 
     </span>
    </p>
   </div>
   <div class='ocr_carea' id='block_1_3' title="bbox 165 2202 1217 2456">
    <p class='ocr_par' dir='ltr' id='par_1_6' title="bbox 165 2202 1217 2456">
     <span class='ocr_line' id='line_1_20' title="bbox 165 2202 1216 2282; baseline -0.001 -19"><span class='ocrx_word' id='word_1_156' title='bbox 165 2213 198 2276; x_wconf 87' lang='lat' dir='ltr'>te,</span> <span class='ocrx_word' id='word_1_157' title='bbox 207 2206 355 2282; x_wconf 87' lang='lat' dir='ltr'>formonse</span> <span class='ocrx_word' id='word_1_158' title='bbox 374 2205 509 2275; x_wconf 82' lang='lat' dir='ltr'>sacerdos,</span> <span class='ocrx_word' id='word_1_159' title='bbox 525 2202 642 2263; x_wconf 87' lang='lat' dir='ltr'>Inuenit</span> <span class='ocrx_word' id='word_1_160' title='bbox 656 2212 683 2263; x_wconf 89' lang='lat' dir='ltr'>et</span> <span class='ocrx_word' id='word_1_161' title='bbox 691 2216 791 2281; x_wconf 80' lang='lat' dir='ltr'>presso</span> <span class='ocrx_word' id='word_1_162' title='bbox 810 2206 927 2262; x_wconf 78' lang='lat' dir='ltr'>molliter</span> <span class='ocrx_word' id='word_1_163' title='bbox 944 2223 1035 2279; x_wconf 80' lang='lat' dir='ltr'>ungue</span> <span class='ocrx_word' id='word_1_164' title='bbox 1052 2208 1136 2278; x_wconf 79' lang='lat' dir='ltr'>rapit.</span> <span class='ocrx_word' id='word_1_165' title='bbox 1179 2204 1216 2262; x_wconf 94' lang='lat' dir='ltr'>In</span> 
     </span>
     <span class='ocr_line' id='line_1_21' title="bbox 167 2298 1217 2376; baseline 0.001 -20"><span class='ocrx_word' id='word_1_166' title='bbox 167 2299 272 2376; x_wconf 90' lang='lat' dir='ltr'>quibus</span> <span class='ocrx_word' id='word_1_167' title='bbox 282 2309 378 2375; x_wconf 82' lang='lat' dir='ltr'>presso</span> <span class='ocrx_word' id='word_1_168' title='bbox 391 2299 508 2358; x_wconf 79' lang='lat' dir='ltr'>molliter</span> <span class='ocrx_word' id='word_1_169' title='bbox 524 2318 615 2376; x_wconf 81' lang='lat' dir='ltr'>ungue</span> <span class='ocrx_word' id='word_1_170' title='bbox 629 2300 699 2375; x_wconf 88' lang='lat' dir='ltr'>quid</span> <span class='ocrx_word' id='word_1_171' title='bbox 712 2309 757 2358; x_wconf 88' lang='lat' dir='ltr'>est</span> <span class='ocrx_word' id='word_1_172' title='bbox 771 2298 849 2360; x_wconf 88' lang='lat' dir='ltr'>aliud</span> <span class='ocrx_word' id='word_1_173' title='bbox 863 2316 953 2376; x_wconf 90' lang='lat' dir='ltr'>quam</span> <span class='ocrx_word' id='word_1_174' title='bbox 966 2305 1062 2376; x_wconf 82' lang='lat' dir='ltr'>aptum</span> <span class='ocrx_word' id='word_1_175' title='bbox 1076 2298 1217 2375; x_wconf 77' lang='lat' dir='ltr'>unguibus</span> 
     </span>
     <span class='ocr_line' id='line_1_22' title="bbox 167 2399 320 2456; baseline 0.007 -1"><span class='ocrx_word' id='word_1_176' title='bbox 167 2399 293 2455; x_wconf 78' lang='lat' dir='ltr'>innocuis</span> <span class='ocrx_word' id='word_1_177' title='bbox 303 2401 320 2456; x_wconf 64' lang='grc' dir='ltr'><em>Β</em></span> 
     </span>
    </p>
   </div>
   <div class='ocr_carea' id='block_1_4' title="bbox 167 2495 1279 3950">
    <p class='ocr_par' dir='ltr' id='par_1_7' title="bbox 167 2495 1279 3950">
     <span class='ocr_line' id='line_1_23' title="bbox 210 2495 982 2572; baseline -0.023 0"><span class='ocrx_word' id='word_1_178' title='bbox 210 2509 268 2572; x_wconf 83' lang='grc'>337</span> <span class='ocrx_word' id='word_1_179' title='bbox 416 2517 420 2524; x_wconf 91' lang='grc'><em>“</em></span> <span class='ocrx_word' id='word_1_180' title='bbox 759 2495 858 2555; x_wconf 90' lang='lat' dir='ltr'>uiuida</span> <span class='ocrx_word' id='word_1_181' title='bbox 878 2495 982 2568; x_wconf 86' lang='lat' dir='ltr'>firmat,</span> 
     </span>
     <span class='ocr_line' id='line_1_24' title="bbox 291 2592 1102 2672; baseline 0 -20"><span class='ocrx_word' id='word_1_182' title='bbox 291 2594 330 2652; x_wconf 89' lang='lat' dir='ltr'>At</span> <span class='ocrx_word' id='word_1_183' title='bbox 352 2594 458 2670; x_wconf 89' lang='lat' dir='ltr'>quibus</span> <span class='ocrx_word' id='word_1_184' title='bbox 479 2594 619 2659; x_wconf 88' lang='lat' dir='ltr'>†adstete</span> <span class='ocrx_word' id='word_1_185' title='bbox 640 2594 759 2654; x_wconf 91' lang='lat' dir='ltr'>frondes</span> <span class='ocrx_word' id='word_1_186' title='bbox 780 2605 828 2655; x_wconf 91' lang='lat' dir='ltr'>aut</span> <span class='ocrx_word' id='word_1_187' title='bbox 849 2594 989 2672; x_wconf 85' lang='lat' dir='ltr'>languida</span> <span class='ocrx_word' id='word_1_188' title='bbox 1009 2592 1102 2665; x_wconf 79' lang='lat' dir='ltr'>radix,</span> 
     </span>
     <span class='ocr_line' id='line_1_25' title="bbox 289 2692 1036 2750; baseline -0.001 0"><span class='ocrx_word' id='word_1_189' title='bbox 289 2692 454 2750; x_wconf 87' lang='lat' dir='ltr'>Exanimat.</span> <span class='ocrx_word' id='word_1_190' title='bbox 1033 2743 1036 2749; x_wconf 80' lang='grc'><strong>.</strong></span> 
     </span>
     <span class='ocr_line' id='line_1_26' title="bbox 168 2789 1217 2864; baseline 0 -14"><span class='ocrx_word' id='word_1_191' title='bbox 168 2791 279 2850; x_wconf 87' lang='lat' dir='ltr'>adstete</span> <span class='ocrx_word' id='word_1_192' title='bbox 298 2790 470 2849; x_wconf 84' lang='lat' dir='ltr'>Besiliensis</span> <span class='ocrx_word' id='word_1_193' title='bbox 487 2797 515 2849; x_wconf 90' lang='lat' dir='ltr'>et</span> <span class='ocrx_word' id='word_1_194' title='bbox 531 2790 698 2864; x_wconf 75' lang='lat' dir='ltr'>Parzsz&#39;nns,</span> <span class='ocrx_word' id='word_1_195' title='bbox 718 2790 822 2851; x_wconf 88' lang='lat' dir='ltr'>adflete</span> <span class='ocrx_word' id='word_1_196' title='bbox 841 2789 1065 2862; x_wconf 85' lang='lat' dir='ltr'>Arundelianns,</span> <span class='ocrx_word' id='word_1_197' title='bbox 1080 2789 1217 2850; x_wconf 87' lang='lat' dir='ltr'>adsuetas</span> 
     </span>
     <span class='ocr_line' id='line_1_27' title="bbox 168 2870 1279 2968; baseline 0.001 -21"><span class='ocrx_word' id='word_1_198' title='bbox 168 2889 352 2948; x_wconf 84' lang='lat' dir='ltr'>Bononiensis</span> <span class='ocrx_word' id='word_1_199' title='bbox 367 2888 533 2968; x_wconf 85' lang='lat' dir='ltr'>(Boulogne</span> <span class='ocrx_word' id='word_1_200' title='bbox 547 2908 596 2948; x_wconf 91' lang='lat' dir='ltr'>sur</span> <span class='ocrx_word' id='word_1_201' title='bbox 609 2888 686 2967; x_wconf 83' lang='lat' dir='ltr'>mer)</span> <span class='ocrx_word' id='word_1_202' title='bbox 699 2897 725 2949; x_wconf 90' lang='lat' dir='ltr'>et</span> <span class='ocrx_word' id='word_1_203' title='bbox 736 2889 879 2948; x_wconf 76' lang='lat' dir='ltr'>Susennns</span> <span class='ocrx_word' id='word_1_204' title='bbox 896 2888 1001 2949; x_wconf 81' lang='lat' dir='ltr'>Grotii.</span> <span class='ocrx_word' id='word_1_205' title='bbox 1276 2870 1279 2877; x_wconf 36' lang='lat'>¹</span> 
     </span>
     <span class='ocr_line' id='line_1_28' title="bbox 208 2987 1219 3066; baseline -0.002 -20"><span class='ocrx_word' id='word_1_206' title='bbox 208 2988 334 3046; x_wconf 81' lang='lat' dir='ltr'>Adsntne</span> <span class='ocrx_word' id='word_1_207' title='bbox 356 2988 484 3060; x_wconf 89' lang='lat' dir='ltr'>Grotius,</span> <span class='ocrx_word' id='word_1_208' title='bbox 506 2990 630 3066; x_wconf 65' lang='lat' dir='ltr'>effictae</span> <span class='ocrx_word' id='word_1_209' title='bbox 652 2987 838 3047; x_wconf 89' lang='lat' dir='ltr'>Burmannus</span> <span class='ocrx_word' id='word_1_210' title='bbox 862 2998 891 3048; x_wconf 91' lang='lat' dir='ltr'>et</span> <span class='ocrx_word' id='word_1_211' title='bbox 913 2988 1046 3061; x_wconf 90' lang='lat' dir='ltr'>Orellius,</span> <span class='ocrx_word' id='word_1_212' title='bbox 1067 2989 1219 3047; x_wconf 79' lang='lat' dir='ltr'>adstrictae</span> 
     </span>
     <span class='ocr_line' id='line_1_29' title="bbox 168 3085 1218 3166; baseline 0.001 -21"><span class='ocrx_word' id='word_1_213' title='bbox 168 3086 370 3146; x_wconf 82' lang='lat' dir='ltr'>Baehrensius</span> <span class='ocrx_word' id='word_1_214' title='bbox 422 3087 492 3146; x_wconf 92' lang='lat' dir='ltr'>Non</span> <span class='ocrx_word' id='word_1_215' title='bbox 516 3087 617 3146; x_wconf 89' lang='lat' dir='ltr'>dubito</span> <span class='ocrx_word' id='word_1_216' title='bbox 641 3086 729 3146; x_wconf 83' lang='lat' dir='ltr'>fuisse</span> <span class='ocrx_word' id='word_1_217' title='bbox 754 3088 882 3166; x_wconf 69' lang='lat' dir='ltr'>adiutae.</span> <span class='ocrx_word' id='word_1_218' title='bbox 932 3085 1084 3165; x_wconf 85' lang='lat' dir='ltr'>Expressit</span> <span class='ocrx_word' id='word_1_219' title='bbox 1104 3096 1133 3145; x_wconf 89' lang='lat' dir='ltr'>et</span> <span class='ocrx_word' id='word_1_220' title='bbox 1153 3105 1218 3146; x_wconf 85' lang='lat' dir='ltr'>arn·</span> 
     </span>
     <span class='ocr_line' id='line_1_30' title="bbox 168 3184 536 3263; baseline 0.005 -22"><span class='ocrx_word' id='word_1_221' title='bbox 168 3184 307 3263; x_wconf 87' lang='lat' dir='ltr'>plificauit</span> <span class='ocrx_word' id='word_1_222' title='bbox 321 3185 404 3246; x_wconf 85' lang='lat' dir='ltr'>Arati</span> <span class='ocrx_word' id='word_1_223' title='bbox 419 3203 536 3243; x_wconf 89' lang='lat' dir='ltr'>uersum</span> 
     </span>
     <span class='ocr_line' id='line_1_31' title="bbox 291 3283 1037 3357; baseline 0.003 -18"><span class='ocrx_word' id='word_1_224' title='bbox 291 3286 331 3339; x_wconf 81' lang='grc' dir='ltr'>καὶ</span> <span class='ocrx_word' id='word_1_225' title='bbox 351 3287 383 3340; x_wconf 83' lang='grc' dir='ltr'>τὰ</span> <span class='ocrx_word' id='word_1_226' title='bbox 403 3285 593 3356; x_wconf 60' lang='lat' dir='ltr'>adriponensis,</span> <span class='ocrx_word' id='word_1_227' title='bbox 615 3283 713 3343; x_wconf 76' lang='grc' dir='ltr'>τῶνδὲ</span> <span class='ocrx_word' id='word_1_228' title='bbox 736 3286 822 3357; x_wconf 84' lang='grc' dir='ltr'>φλόον</span> <span class='ocrx_word' id='word_1_229' title='bbox 843 3283 928 3340; x_wconf 77' lang='grc' dir='ltr'>ὤλεσε</span> <span class='ocrx_word' id='word_1_230' title='bbox 947 3286 1037 3343; x_wconf 82' lang='grc' dir='ltr'>πάντα.</span> 
     </span>
     <span class='ocr_line' id='line_1_32' title="bbox 170 3380 1220 3460; baseline 0 -19"><span class='ocrx_word' id='word_1_231' title='bbox 170 3381 283 3441; x_wconf 91' lang='lat' dir='ltr'>Rursus</span> <span class='ocrx_word' id='word_1_232' title='bbox 298 3382 334 3440; x_wconf 94' lang='lat' dir='ltr'>de</span> <span class='ocrx_word' id='word_1_233' title='bbox 349 3381 454 3440; x_wconf 89' lang='lat' dir='ltr'>eodem</span> <span class='ocrx_word' id='word_1_234' title='bbox 470 3381 544 3440; x_wconf 89' lang='lat' dir='ltr'>Sirio</span> <span class='ocrx_word' id='word_1_235' title='bbox 558 3380 753 3439; x_wconf 88' lang='lat' dir='ltr'>Germanicus</span> <span class='ocrx_word' id='word_1_236' title='bbox 767 3381 919 3459; x_wconf 85' lang='lat' dir='ltr'>Prognost</span> <span class='ocrx_word' id='word_1_237' title='bbox 936 3400 975 3454; x_wconf 86' lang='lat'>40</span> <span class='ocrx_word' id='word_1_238' title='bbox 989 3380 1112 3460; x_wconf 86' lang='lat' dir='ltr'>Breysig</span> <span class='ocrx_word' id='word_1_239' title='bbox 1125 3387 1220 3443; x_wconf 84' lang='lat' dir='ltr'>terras</span> 
     </span>
     <span class='ocr_line' id='line_1_33' title="bbox 167 3478 668 3558; baseline -0.004 -19"><span class='ocrx_word' id='word_1_240' title='bbox 167 3500 230 3540; x_wconf 87' lang='lat' dir='ltr'>cum</span> <span class='ocrx_word' id='word_1_241' title='bbox 245 3482 337 3558; x_wconf 65' lang='lat' dir='ltr'>letffer</span> <span class='ocrx_word' id='word_1_242' title='bbox 350 3487 414 3538; x_wconf 86' lang='lat' dir='ltr'>ertu</span> <span class='ocrx_word' id='word_1_243' title='bbox 429 3478 527 3539; x_wconf 76' lang='lat' dir='ltr'>Sirius</span> <span class='ocrx_word' id='word_1_244' title='bbox 540 3480 668 3558; x_wconf 66' lang='lat' dir='ltr'>adiuuit.</span> 
     </span>
     <span class='ocr_line' id='line_1_34' title="bbox 212 3577 1050 3654; baseline 0.005 -20"><span class='ocrx_word' id='word_1_245' title='bbox 212 3595 270 3654; x_wconf 82' lang='lat'>347</span> <span class='ocrx_word' id='word_1_246' title='bbox 293 3578 334 3636; x_wconf 91' lang='lat' dir='ltr'>Vt</span> <span class='ocrx_word' id='word_1_247' title='bbox 355 3596 423 3638; x_wconf 89' lang='lat' dir='ltr'>curn</span> <span class='ocrx_word' id='word_1_248' title='bbox 445 3578 600 3637; x_wconf 89' lang='lat' dir='ltr'>decurrens</span> <span class='ocrx_word' id='word_1_249' title='bbox 622 3577 733 3636; x_wconf 87' lang='lat' dir='ltr'>inhibet</span> <span class='ocrx_word' id='word_1_250' title='bbox 754 3578 812 3637; x_wconf 88' lang='lat' dir='ltr'>iarn</span> <span class='ocrx_word' id='word_1_251' title='bbox 834 3579 932 3637; x_wconf 85' lang='lat' dir='ltr'>nauita</span> <span class='ocrx_word' id='word_1_252' title='bbox 952 3596 1050 3639; x_wconf 89' lang='lat' dir='ltr'>remos</span> 
     </span>
     <span class='ocr_line' id='line_1_35' title="bbox 291 3677 1014 3756; baseline -0.001 -20"><span class='ocrx_word' id='word_1_253' title='bbox 291 3678 494 3756; x_wconf 88' lang='lat' dir='ltr'>Auersamque</span> <span class='ocrx_word' id='word_1_254' title='bbox 515 3686 607 3736; x_wconf 90' lang='lat' dir='ltr'>ratem</span> <span class='ocrx_word' id='word_1_255' title='bbox 628 3677 706 3735; x_wconf 90' lang='lat' dir='ltr'>uotis</span> <span class='ocrx_word' id='word_1_256' title='bbox 728 3677 883 3736; x_wconf 88' lang='lat' dir='ltr'>damnatus</span> <span class='ocrx_word' id='word_1_257' title='bbox 904 3679 941 3739; x_wconf 85' lang='lat' dir='ltr'>ab</span> <span class='ocrx_word' id='word_1_258' title='bbox 963 3694 1014 3736; x_wconf 91' lang='lat' dir='ltr'>ore</span> 
     </span>
     <span class='ocr_line' id='line_1_36' title="bbox 293 3776 424 3851; baseline -0.008 -16"><span class='ocrx_word' id='word_1_259' title='bbox 293 3776 424 3851; x_wconf 88' lang='lat' dir='ltr'>Perlegit.</span> 
     </span>
     <span class='ocr_line' id='line_1_37' title="bbox 170 3872 887 3950; baseline -0.004 -16"><span class='ocrx_word' id='word_1_260' title='bbox 170 3876 211 3934; x_wconf 89' lang='lat' dir='ltr'>ad</span> <span class='ocrx_word' id='word_1_261' title='bbox 222 3894 300 3933; x_wconf 87' lang='lat' dir='ltr'>oram</span> <span class='ocrx_word' id='word_1_262' title='bbox 315 3875 450 3950; x_wconf 83' lang='lat' dir='ltr'>Perligot</span> <span class='ocrx_word' id='word_1_263' title='bbox 462 3872 598 3935; x_wconf 91' lang='lat' dir='ltr'>Grotius:</span> <span class='ocrx_word' id='word_1_264' title='bbox 621 3892 673 3934; x_wconf 91' lang='lat' dir='ltr'>cur</span> <span class='ocrx_word' id='word_1_265' title='bbox 687 3892 748 3934; x_wconf 94' lang='lat' dir='ltr'>non</span> <span class='ocrx_word' id='word_1_266' title='bbox 762 3874 798 3932; x_wconf 88' lang='lat' dir='ltr'>ab</span> <span class='ocrx_word' id='word_1_267' title='bbox 811 3877 887 3932; x_wconf 76' lang='lat' dir='ltr'>orat</span> 
     </span>
    </p>
   </div>
   <div class='ocr_carea' id='block_1_5' title="bbox 0 0 1395 4448">
    <p class='ocr_par' dir='ltr' id='par_1_8' title="bbox 0 0 1395 4448">
     <span class='ocr_line' id='line_1_38' title="bbox 0 0 1395 4448; baseline 0 0"><span class='ocrx_word' id='word_1_268' title='bbox 0 0 1395 4448; x_wconf 95' lang='lat' dir='ltr'> </span> 
     </span>
    </p>
   </div>
  </div>
 </body>
</html>
