2760 4448
574 274 619 322 rt
1064 273 1125 342 127

82 432 186 510 ripuit;
208 449 259 491 cur
268 434 369 508 gratia
383 429 480 508 xysti¹
495 434 553 490 siue
565 435 636 507 „nsti
646 432 742 492 eidem
757 433 934 510 denegetur?
960 436 1128 510 praesertim

82 550 151 591 cum
172 530 290 607 Xystus,
312 528 418 589 Sixtns
442 530 594 589 indiscrete
619 531 696 590 idem
721 532 764 588 uir
785 531 945 608 appellatus
969 533 1013 602 sit,
1035 543 1075 599 ut.
1091 552 1128 591 ex

83 629 182 688 multis
196 628 393 689 monumentis
406 639 535 706 apparet,
549 637 577 687 et
592 648 629 687 ex
646 629 788 688 laterculis
803 630 1005 706 episcoporum
1020 625 1129 690 Rorna-

83 745 189 786 norum
204 745 279 803 quae
294 726 448 786 Clintonus
462 727 550 786 edidit
563 726 640 784 Fast.
657 726 742 787 Rom.
757 728 785 785 ii.
796 746 846 804 pp.
860 743 925 802 535,
940 742 1007 803 537.
1044 728 1130 788 Cadit

82 826 161 885 enim
175 832 276 900 xystus
295 825 350 884 sub
367 825 498 900 regulam
517 843 606 902 quarn
627 824 829 884 Romanorum
847 836 950 902 poetae
964 828 995 885 in
1008 826 1129 886 Graecis

83 924 238 982 utebantur
262 922 429 982 uocabulis:
462 941 521 999 qua
545 923 581 981 de
607 941 637 982 re
661 923 727 981 audi
752 922 914 982 Lucianum
940 924 1064 984 Mueller
1088 926 1130 984 sic

84 1023 273 1081 disserentem
287 1021 318 1078 in
330 1021 404 1079 libro
418 1021 454 1080 de
470 1039 500 1081 re
513 1021 631 1080 metrica
645 1039 675 1097 p.
690 1024 765 1095 318:
796 1021 852 1081 ‘Ac
871 1023 997 1098 primurn
1011 1024 1129 1099 quidem

84 1138 171 1197 saepe
196 1119 373 1196 positionem
395 1118 585 1195 neglexerunt
604 1119 635 1177 in
657 1119 754 1178 uerbis
775 1121 813 1178 ab
834 1130 897 1179 zeta
917 1121 1129 1197 incipientibus,

84 1218 192 1294 quippe
206 1235 281 1294 quae
296 1216 401 1276 Latino
416 1235 465 1277 ore
479 1217 558 1276 idem
571 1217 741 1294 plerumque
760 1218 887 1277 sonuerit
906 1219 987 1295 quod
1006 1220 1129 1296 simplex

83 1316 175 1375 sibila
230 1315 368 1375 Ceterum
399 1314 526 1374 similiter
553 1334 572 1373 x
600 1316 701 1392 prioris
729 1316 817 1392 partis
835 1317 1033 1375 ‘substantiam
1062 1336 1129 1377 cum

84 1414 326 1474 exuisset-unde
349 1422 378 1473 et
401 1413 512 1490 uulgari
540 1431 674 1472 sermone
702 1424 791 1472 xanta
819 1414 923 1473 dicitur
946 1433 1001 1491 pro
1030 1427 1129 1474 sancta

85 1509 135 1592 [cf.
151 1510 331 1581 Terentian.2
348 1526 424 1586 1154
440 1530 483 1589 sq.
495 1511 650 1571 Commod.
665 1530 693 1587 p.
707 1514 772 1585 158.
790 1508 891 1593 21]—,
907 1513 1030 1572 eandem
1045 1515 1130 1572 traxit

83 1611 254 1682 libertatern,
271 1611 324 1668 nisi
341 1610 441 1686 inopia
460 1611 615 1674 uerborum
631 1612 669 1669 ab
688 1629 723 1669 ea
740 1600 940 1687 incipientium
955 1612 993 1671 ad
1007 1612 1128 1670 nihilum

83 1727 129 1769 res
142 1706 333 1784 redigeretur!

124 1832 179 1892 IV.
194 1848 333 1906 431-435
348 1832 389 1891 sic
402 1842 499 1891 extant
514 1832 544 1890 in
558 1831 674 1892 Gembl.

207 1929 265 1988 Sed
285 1930 348 2008 quis
368 1939 412 1989 tot
432 1949 570 1990 numeros
590 1932 673 1990 toties
694 1932 748 1990 sub
769 1931 831 2008 lege
853 1931 956 1990 referre

206 2028 268 2087 Tot
288 2038 384 2104 partes
403 2028 504 2087 iterare
525 2040 613 2105 queat
634 2040 677 2089 tot
698 2030 809 2088 discere
831 2048 961 2088 summas

205 2126 262 2186 Per
281 2127 372 2203 partis
393 2145 496 2186 causas
516 2127 621 2187 faciem
640 2138 754 2210 mutare
775 2128 914 2205 loquendi
981 2120 982 2123 '

207 2224 368 2284 Incidimus
389 2225 413 2283 si
433 2227 522 2285 uerba
542 2227 620 2303 piget
642 2226 693 2287 sed
714 2227 806 2303 gratia
827 2227 917 2285 deerit

125 2337 184 2398 435
207 2322 243 2380 In
263 2341 431 2399 uanumque
452 2323 534 2383 labor
555 2325 650 2384 caedit
670 2343 757 2401 quem
779 2324 901 2401 despicit
923 2325 1006 2383 auris.

124 2454 181 2509 432
209 2434 318 2494 discere
348 2434 431 2493 Voss.1
455 2435 551 2494 dicere
582 2435 668 2494 Voss.²
710 2455 768 2510 433
794 2435 850 2494 Per
876 2437 965 2512 partis
992 2443 1129 2494 corrector

82 2535 246 2610 Lipsiensis.
287 2532 343 2592 Per
363 2533 451 2608 patris
473 2533 557 2592 Voss?
573 2541 599 2592 et
613 2535 695 2610 Lips.
713 2533 813 2592 Iacobo
835 2541 904 2592 teste.
947 2533 1003 2592 Per
1023 2553 1128 2610 paruas

89 2628 184 2690 Voss}
217 2630 271 2690 Per
299 2631 387 2708 partis
415 2649 518 2690 causas
545 2635 672 2691 seruauit
697 2631 829 2708 Scaliger
858 2636 921 2709 ‘per
949 2634 1128 2708 singulorum

114 2861 124 2890 ¹
141 2862 172 2911 In
183 2862 241 2913 loco
253 2863 372 2912 Varronis
386 2863 451 2928 apud
463 2864 529 2914 Non.
543 2862 597 2927 169.
608 2876 637 2911 10
648 2879 664 2910 a
670 2863 768 2927 pariete
779 2868 826 2912 ont
836 2863 918 2926 egistis
929 2863 989 2913 latet
1000 2864 1088 2926 xystis,
1101 2870 1129 2912 ut

82 2939 201 2991 intellexit
217 2941 334 3006 Scaliger.
366 2942 416 2990 Illa
429 2957 488 3006 gex
498 2957 518 2990 x
528 2958 559 2990 an
571 2958 600 2992 ex
611 2957 623 2989 s
635 2941 765 3006 prouenit?
799 2941 881 2991 Credo
892 2941 972 3005 systis,
985 2942 1042 2991 inde
1054 2942 1129 3005 gistis

81 3025 208 3067 exaratum
221 3019 295 3068 fuisse
307 3019 336 3082 (S
348 3019 390 3084 Q).

113 3101 123 3130 ²
139 3117 163 3166 p.
179 3116 218 3168 39,
230 3102 268 3152 ed.
280 3101 440 3154 Lachmann:

244 3180 360 3246 Namque
376 3180 452 3231 etiam
469 3181 561 3246 duplex
577 3197 640 3246 quae
656 3181 728 3231 uobis
744 3196 792 3230 una
809 3181 895 3229 relicta
910 3186 956 3242 est,

245 3259 397 3324 Principium
414 3259 482 3309 uerbi
499 3259 615 3322 quoniam
629 3260 737 3324 proferre
752 3258 836 3307 Latini

244 3335 305 3386 Non
321 3337 389 3386 ualet
405 3343 430 3386 et
447 3343 542 3386 tantum
560 3336 642 3386 uocali
660 3336 759 3385 subdita
775 3335 857 3395 currit,

245 3410 309 3464 Cum
327 3415 450 3465 Graecum
466 3414 581 3465 inciderit
597 3430 685 3463 nomen
702 3430 752 3478 qno
769 3429 899 3477 possumus
916 3411 962 3471 uti,

244 3490 271 3540 si
288 3500 344 3556 post
360 3493 479 3557 dactylon
495 3493 604 3550 accedat,
621 3492 656 3541 nil
673 3499 784 3556 ternpore
800 3492 878 3556 duplo
917 3541 918 3546 ,

247 3569 352 3631 Officiet,
369 3571 462 3636 gemini
479 3576 594 3635 poterunt
610 3570 677 3634 quod
694 3571 800 3634 pandere
816 3585 908 3618 uersus.

244 3648 365 3697 Pontibus
381 3649 497 3698 instratis
512 3649 645 3697 coniunxit
661 3649 747 3697 littora
763 3649 865 3697 Xerxes.

245 3725 375 3789 Sanguine
391 3727 507 3775 turbatus
524 3725 635 3774 mdccbat
651 3726 737 3774 littora
755 3725 882 3773 Xanthus.

244 3802 344 3852 Littora
360 3817 404 3867 pes
420 3803 497 3867 longa
514 3809 609 3853 constat
626 3803 790 3866 breuibusque
807 3802 916 3849 duabus:

245 3879 370 3944 Tempora
386 3897 431 3931 nec
448 3881 525 3932 laedit
542 3880 641 3945 duplex,
659 3882 717 3944 quin
735 3879 847 3943 dactylus
864 3883 938 3927 extet.
