2760 4448
161 248 226 329 -184
470 264 618 314 noeros
637 264 887 315 Mxnreronoe

159 423 283 483 fulmine
304 422 404 482 dextra
430 421 515 482 Voss?
559 438 618 499 345
641 423 731 496 Quod
759 424 844 482 Voss.1
866 422 948 497 Quid
971 422 1037 483 Cos.
1059 424 1104 483 ob
1126 423 1214 497 Quos

163 522 260 600 potius
274 521 385 599 fingent
400 532 498 598 partus
512 522 656 581 Bentleeos
670 521 752 582 Fort.
767 532 841 582 ortu.

203 620 329 697 Rege'one
344 623 420 697 pori
434 621 561 697 Scaliger
575 620 604 678 in
619 623 728 696 regione
740 619 839 695 ltopoz·
848 629 1012 680 correxerat
1031 639 1068 680 ex
1085 620 1216 679 Firmico

162 717 235 777 haec
250 729 372 778 testante
386 722 416 777 in
427 721 523 795 preino
537 717 654 794 Scorpe'e'
661 726 744 794 porte
755 721 850 777 oritur
862 718 938 777 Ara.
980 719 1167 796 Receperunt
1181 719 1213 776 id

163 816 312 876 Bentleius
332 827 360 876 et
381 818 477 890 ceteri,
497 817 552 875 nisi
573 816 653 894 quod
672 827 757 893 nepae
776 817 980 894 praetulerunt.
1030 817 1109 876 Nam
1130 798 1218 894 nopd'e·

163 915 337 991 disyllabum
360 915 498 993 prosodia
521 916 636 991 respuit,
658 915 820 992 meritoque
846 914 1024 992 Scaligerum
1049 915 1213 975 Bechertus

164 1013 355 1090 reprehendit,
367 1014 417 1090 qui
431 1013 595 1072 huiusmodi
610 1022 773 1071 monstrum
783 1014 931 1089 imputarit
942 1013 1074 1075 Manilio.
1103 1013 1213 1092 Neque

163 1111 220 1171 alia
240 1112 346 1171 desunt
366 1130 441 1189 quae
461 1111 537 1170 hanc
559 1112 758 1170 coniecturam
779 1113 940 1174 infirment:
974 1113 1109 1190 quamuis
1129 1113 1212 1171 enirn

163 1210 356 1288 praecedente
377 1213 488 1287 regione
504 1209 612 1286 syllaba
631 1211 726 1286 prima
745 1221 833 1288 nepae
851 1212 984 1271 excidere
999 1211 1133 1289 potuerit,
1149 1227 1213 1269 non

164 1310 250 1368 uideo
262 1309 338 1368 unde
353 1309 461 1367 iactum
476 1309 512 1366 sit
526 1317 557 1366 ut
567 1320 624 1384 poe
638 1309 668 1366 in
675 1311 734 1386 poi
738 1313 815 1386 pori
817 1313 895 1387 puri
901 1329 1021 1387 pessum
1035 1311 1096 1369 iret.
1126 1309 1214 1368 Adde

164 1407 245 1486 quod
264 1408 405 1466 Firmieus
424 1425 485 1464 non
503 1406 534 1464 in
552 1417 657 1466 octaua
675 1418 757 1484 parte
778 1407 891 1484 Scorpii
911 1408 978 1468 iacit
993 1409 1093 1480 Aram,
1108 1408 1160 1467 sed
1182 1407 1214 1464 in

162 1508 258 1585 prima
275 1524 399 1583 surgere.
441 1505 480 1564 Et
498 1505 586 1582 quod,
603 1505 658 1563 nisi
678 1524 727 1563 uu.
742 1510 810 1582 338,
826 1526 894 1582 339,
911 1508 999 1584 spurii
1016 1516 1091 1578 sunt,
1105 1517 1138 1564 ut
1157 1506 1213 1565 uisi

165 1615 233 1664 sunt
248 1604 389 1676 Bentleio,
407 1604 521 1663 uidetur
536 1601 675 1663 Manilius
694 1605 757 1682 ipse
777 1607 829 1664 sibi
844 1608 1042 1666 contradicere
1057 1607 1107 1682 qui
1122 1607 1213 1664 Aram

164 1721 193 1761 u.
210 1708 268 1778 338
288 1705 363 1780 parti
379 1703 448 1760 xxvi
462 1702 627 1774 Chelarum,
643 1723 670 1762 u.
687 1722 745 1779 340
768 1704 937 1782 Scorpionis
959 1706 1031 1782 parti
1045 1705 1092 1762 viii
1114 1704 1213 1780 adsig-

164 1803 239 1859 narit
249 1799 430 1882 (Scaligerp.
444 1803 508 1872 186,
524 1801 569 1860 ed.
584 1799 682 1880 1655).
718 1801 776 1861 Sed
787 1813 885 1862 tamen
900 1822 968 1862 curn
982 1804 1013 1861 in
1024 1813 1086 1862 toto
1100 1802 1174 1861 libro
1184 1800 1213 1858 V

165 1902 250 1977 signa
270 1899 380 1959 zodiaci
397 1900 536 1959 continuo
551 1900 652 1959 ordine
666 1919 697 1959 se
712 1901 865 1979 excipiant,
880 1901 939 1959 iarn
959 1910 1056 1961 autern
1071 1901 1141 1960 dicti
1156 1901 1213 1959 sint

166 2001 252 2058 Aries
272 1999 389 2057 Taurus
408 1997 526 2057 Gemini
546 1998 659 2058 Cancer
680 1998 742 2058 Leo
761 1999 854 2076 Virgo
875 2000 972 2072 Libra,
993 2018 1064 2059 mox
1086 2019 1104 2058 a
1125 2017 1213 2058 uersu

165 2116 258 2174 usque
281 2100 339 2172 358
362 2105 520 2173 sequantur
541 2095 708 2172 Sagittarius
726 2096 924 2174 Capricornus
946 2098 1091 2176 Aquarius
1114 2097 1214 2156 Pisces

166 2215 228 2256 non
242 2194 511 2273 praetermittendus
526 2205 587 2253 erat
602 2213 655 2254 suo
668 2195 736 2255 loco
750 2195 892 2272 Scorpios.
928 2197 1018 2272 Atqui
1034 2216 1091 2272 339
1107 2195 1213 2254 Librae

166 2298 227 2354 siue
250 2293 407 2353 Chelarum
432 2311 500 2370 pars
524 2293 618 2352 xxviia
639 2306 825 2366 memoratur,
848 2313 907 2370 340
929 2296 1015 2372 igitur
1033 2301 1133 2377 portes
1157 2300 1214 2352 ocio

166 2395 282 2453 trahens
313 2393 499 2469 ecquodnam
531 2391 608 2451 aliud
637 2393 752 2469 signum
780 2393 833 2452 crit
861 2412 950 2470 quam
985 2393 1124 2470 Scorpius
1152 2393 1213 2451 siue

166 2491 196 2551 N
199 2493 273 2568 epa?
305 2490 365 2563 Qui
380 2491 435 2548 nisi
449 2489 506 2549 hoc
520 2509 607 2549 uersu
623 2509 682 2566 340
696 2492 863 2550 nominatus
876 2503 927 2564 est,
939 2510 1085 2569 nusquam
1099 2491 1214 2550 titulum

167 2609 254 2649 suum
273 2589 361 2648 habet
380 2589 453 2647 inter
471 2598 566 2649 cetera
587 2590 670 2667 signa
689 2590 820 2650 zodiaci:
848 2609 917 2649 narn
933 2609 991 2666 349
1010 2589 1150 2662 Quattuor
1163 2600 1214 2667 ap·

160 2691 263 2768 positos
280 2688 440 2748 Centourus
453 2688 587 2764 portibus
603 2689 682 2765 effert
697 2688 809 2759 Seuera,
824 2689 1000 2766 significatur
1014 2689 1133 2766 quidem
1147 2705 1215 2765 pars

167 2789 246 2848 xiima
262 2787 372 2863 Scorpii
388 2768 455 2865 (8‘4
464 2786 586 2864 4:12),
601 2805 712 2845 nomen
726 2806 796 2845 uero
811 2806 873 2847 non
886 2788 1018 2846 additum
1031 2796 1083 2847 est.

209 2885 300 2958 Quod
324 2884 438 2943 codices
463 2884 641 2942 tradiderunt
665 2884 747 2956 Quod
764 2887 879 2963 regione,
901 2904 977 2944 unus
1002 2884 1081 2957 Quid
1097 2885 1215 2961 regione,

167 2985 297 3064 plerique
322 2982 525 3059 interrogatiue
549 2980 606 3041 hoc
631 2985 759 3060 positum
784 2994 813 3042 et
835 3003 886 3060 per
910 2983 1032 3042 alterum
1056 2982 1136 3055 Quid
1157 2996 1214 3057 345

166 3092 348 3158 resumptum
372 3090 481 3157 putant.
534 3079 590 3140 His
612 3081 734 3140 libenter
755 3082 921 3153 adsentirer,
943 3082 1000 3140 nisi
1024 3081 1216 3156 intelligerem

171 3181 251 3254 Quid
262 3181 292 3237 in
311 3198 370 3239 uno
385 3177 483 3238 Voss.l
496 3190 603 3250 extare,
618 3180 768 3238 obscurius
788 3180 844 3238 dici
863 3183 972 3256 regione
988 3181 1088 3256 proin
1108 3181 1218 3255 regione

167 3281 214 3339 uel
230 3301 243 3337 e
259 3280 376 3355 rege'one.
419 3278 520 3355 Itaque
538 3276 595 3336 huc
615 3278 725 3336 inclino
744 3286 775 3336 ut
794 3278 912 3337 credam
931 3279 961 3336 in
979 3277 1061 3350 Quod
1076 3276 1216 3337 occultari

170 3378 241 3450 Con,
256 3378 330 3436 sicut
350 3377 381 3434 in
398 3377 473 3451 qood
487 3377 613 3434 euntibus
632 3377 842 3435 dissimulatum
861 3378 1016 3435 coeuntibus
1032 3377 1159 3434 uidimus
1177 3375 1216 3434 II.

171 3480 239 3552 380.
294 3475 401 3533 Paulus
424 3475 500 3533 Festi
522 3495 549 3552 p.
570 3478 608 3533 66
631 3474 917 3552 n1.cooregione.e
940 3477 1057 3553 regione.
1098 3475 1217 3548 Quibus

169 3575 274 3634 additis
298 3574 392 3632 uerbis
416 3574 505 3633 credo
525 3572 679 3631 Manilium
699 3573 875 3650 significasse
898 3575 1023 3651 spatium
1046 3574 1119 3633 caeli
1142 3573 1217 3632 ultra

166 3672 251 3750 quod
266 3673 326 3730 Ara
344 3691 404 3730 non
425 3673 482 3729 iarn
499 3671 732 3748 conspiceretur:
754 3673 837 3748 quasi
855 3673 963 3731 diceret
976 3673 1050 3733 fines
1064 3673 1126 3732 eius
1141 3672 1218 3731 intra

169 3769 289 3832 xxvilam
303 3781 413 3847 partem
428 3770 532 3828 Librae
546 3779 574 3827 et
589 3770 691 3826 viiiuam
707 3770 874 3846 Scorpionis
887 3771 1005 3830 includi.

212 3869 301 3943 Quod
316 3871 500 3930 scribendum
515 3879 587 3948 puto
602 3868 631 3928 in
648 3884 705 3946 345
722 3869 800 3942 an'ol
807 3871 904 3948 potens
915 3870 1031 3947 fingent
1041 3876 1113 3942 orlu,
1128 3869 1216 3928 credo
