<?xml version="1.0" encoding="UTF-8"?>
<!DOCTYPE html PUBLIC "-//W3C//DTD XHTML 1.0 Transitional//EN"
    "http://www.w3.org/TR/xhtml1/DTD/xhtml1-transitional.dtd">
<html xmlns="http://www.w3.org/1999/xhtml" xml:lang="en" lang="en">
 <head>
  <title>
</title>
<meta http-equiv="Content-Type" content="text/html;charset=utf-8" />
  <meta name='ocr-system' content='tesseract 3.04.00' />
  <meta name='ocr-capabilities' content='ocr_page ocr_carea ocr_par ocr_line ocrx_word'/>
</head>
<body>
  <div class='ocr_page' id='page_1' title='image "./noctesmaniliana00elligoog/noctesmaniliana00elligoog_0072.png"; bbox 0 0 2760 4448; ppageno 0'>
   <div class='ocr_carea' id='block_1_1' title="bbox 674 262 1211 330">
    <p class='ocr_par' dir='ltr' id='par_1_1' title="bbox 674 262 1211 330">
     <span class='ocr_line' id='line_1_1' title="bbox 674 262 1211 330; baseline -0.002 -17"><span class='ocrx_word' id='word_1_1' title='bbox 674 264 709 313; x_wconf 82' lang='lat' dir='ltr'><strong>rr</strong></span> <span class='ocrx_word' id='word_1_2' title='bbox 1172 262 1211 330; x_wconf 83' lang='lat'><strong>51</strong></span> 
     </span>
    </p>
   </div>
   <div class='ocr_carea' id='block_1_2' title="bbox 156 419 1222 4031">
    <p class='ocr_par' dir='ltr' id='par_1_2' title="bbox 162 419 1216 600">
     <span class='ocr_line' id='line_1_2' title="bbox 163 419 1216 505; baseline -0.003 -22"><span class='ocrx_word' id='word_1_3' title='bbox 163 442 248 505; x_wconf 31' lang='lat' dir='ltr'><strong>uero,</strong></span> <span class='ocrx_word' id='word_1_4' title='bbox 263 441 330 483; x_wconf 88' lang='lat' dir='ltr'><strong>raro</strong></span> <span class='ocrx_word' id='word_1_5' title='bbox 355 432 405 482; x_wconf 90' lang='lat' dir='ltr'><strong>aut</strong></span> <span class='ocrx_word' id='word_1_6' title='bbox 427 440 578 500; x_wconf 88' lang='lat' dir='ltr'><strong>nunquam</strong></span> <span class='ocrx_word' id='word_1_7' title='bbox 603 422 713 499; x_wconf 84' lang='lat' dir='ltr'><strong>recipit.</strong></span> <span class='ocrx_word' id='word_1_8' title='bbox 754 419 798 480; x_wconf 87' lang='lat' dir='ltr'><strong>Et</strong></span> <span class='ocrx_word' id='word_1_9' title='bbox 818 439 886 481; x_wconf 93' lang='lat' dir='ltr'><strong>cum</strong></span> <span class='ocrx_word' id='word_1_10' title='bbox 911 421 1060 480; x_wconf 81' lang='lat' dir='ltr'><strong>inlocum</strong></span> <span class='ocrx_word' id='word_1_11' title='bbox 1084 421 1216 494; x_wconf 89' lang='lat' dir='ltr'><strong>mutauit,</strong></span> 
     </span>
     <span class='ocr_line' id='line_1_3' title="bbox 162 515 536 600; baseline 0.005 -19"><span class='ocrx_word' id='word_1_12' title='bbox 162 515 286 582; x_wconf 83' lang='lat' dir='ltr'><strong>foitasse</strong></span> <span class='ocrx_word' id='word_1_13' title='bbox 300 541 337 581; x_wconf 87' lang='lat' dir='ltr'><strong>ex</strong></span> <span class='ocrx_word' id='word_1_14' title='bbox 352 522 536 600; x_wconf 92' lang='lat' dir='ltr'><strong>compendio.</strong></span> 
     </span>
    </p>

    <p class='ocr_par' dir='ltr' id='par_1_3' title="bbox 207 621 402 696">
     <span class='ocr_line' id='line_1_4' title="bbox 207 621 402 696; baseline 0.01 -3"><span class='ocrx_word' id='word_1_15' title='bbox 207 621 247 680; x_wconf 87' lang='lat'><strong>11·</strong></span> <span class='ocrx_word' id='word_1_16' title='bbox 263 633 402 696; x_wconf 71' lang='lat' dir='ltr'><strong>ets-477</strong></span> 
     </span>
    </p>

    <p class='ocr_par' dir='ltr' id='par_1_4' title="bbox 287 717 1173 992">
     <span class='ocr_line' id='line_1_5' title="bbox 288 717 1173 796; baseline -0.002 -19"><span class='ocrx_word' id='word_1_17' title='bbox 288 718 378 792; x_wconf 91' lang='lat' dir='ltr'><strong>Quod</strong></span> <span class='ocrx_word' id='word_1_18' title='bbox 399 718 470 779; x_wconf 87' lang='lat' dir='ltr'><strong>deus</strong></span> <span class='ocrx_word' id='word_1_19' title='bbox 490 718 521 776; x_wconf 92' lang='lat' dir='ltr'><strong>in</strong></span> <span class='ocrx_word' id='word_1_20' title='bbox 541 717 620 796; x_wconf 85' lang='lat' dir='ltr'><strong>leges</strong></span> <span class='ocrx_word' id='word_1_21' title='bbox 641 717 784 776; x_wconf 90' lang='lat' dir='ltr'><strong>mundum</strong></span> <span class='ocrx_word' id='word_1_22' title='bbox 804 737 873 777; x_wconf 92' lang='lat' dir='ltr'><strong>cum</strong></span> <span class='ocrx_word' id='word_1_23' title='bbox 894 717 1031 778; x_wconf 89' lang='lat' dir='ltr'><strong>conderet</strong></span> <span class='ocrx_word' id='word_1_24' title='bbox 1053 735 1173 777; x_wconf 91' lang='lat' dir='ltr'><strong>omnem</strong></span> 
     </span>
     <span class='ocr_line' id='line_1_6' title="bbox 288 817 981 895; baseline -0.001 -20"><span class='ocrx_word' id='word_1_25' title='bbox 288 817 421 876; x_wconf 89' lang='lat' dir='ltr'><strong>Affectus</strong></span> <span class='ocrx_word' id='word_1_26' title='bbox 441 828 560 895; x_wconf 92' lang='lat' dir='ltr'><strong>quoque</strong></span> <span class='ocrx_word' id='word_1_27' title='bbox 581 817 677 876; x_wconf 92' lang='lat' dir='ltr'><strong>diuisit</strong></span> <span class='ocrx_word' id='word_1_28' title='bbox 698 817 876 875; x_wconf 89' lang='lat' dir='ltr'><strong>uariantibus</strong></span> <span class='ocrx_word' id='word_1_29' title='bbox 897 818 981 876; x_wconf 89' lang='lat' dir='ltr'><strong>astris</strong></span> 
     </span>
     <span class='ocr_line' id='line_1_7' title="bbox 287 914 1056 992; baseline -0.001 -19"><span class='ocrx_word' id='word_1_30' title='bbox 287 914 385 992; x_wconf 87' lang='lat' dir='ltr'><strong>Atque</strong></span> <span class='ocrx_word' id='word_1_31' title='bbox 406 915 529 975; x_wconf 84' lang='lat' dir='ltr'><strong>aliorum</strong></span> <span class='ocrx_word' id='word_1_32' title='bbox 549 915 660 988; x_wconf 91' lang='lat' dir='ltr'><strong>oculos,</strong></span> <span class='ocrx_word' id='word_1_33' title='bbox 683 915 806 974; x_wconf 84' lang='lat' dir='ltr'><strong>aliorum</strong></span> <span class='ocrx_word' id='word_1_34' title='bbox 827 916 947 974; x_wconf 91' lang='lat' dir='ltr'><strong>contulit</strong></span> <span class='ocrx_word' id='word_1_35' title='bbox 964 933 1056 974; x_wconf 88' lang='lat' dir='ltr'><strong>aures.</strong></span> 
     </span>
    </p>

    <p class='ocr_par' dir='ltr' id='par_1_5' title="bbox 207 1011 1078 1073">
     <span class='ocr_line' id='line_1_8' title="bbox 207 1011 1078 1073; baseline 0.001 -2"><span class='ocrx_word' id='word_1_36' title='bbox 207 1011 302 1072; x_wconf 90' lang='lat' dir='ltr'><strong>Miror</strong></span> <span class='ocrx_word' id='word_1_37' title='bbox 315 1014 425 1072; x_wconf 91' lang='lat' dir='ltr'><strong>nemini</strong></span> <span class='ocrx_word' id='word_1_38' title='bbox 438 1015 553 1073; x_wconf 87' lang='lat' dir='ltr'><strong>uenisse</strong></span> <span class='ocrx_word' id='word_1_39' title='bbox 568 1014 598 1072; x_wconf 92' lang='lat' dir='ltr'><strong>in</strong></span> <span class='ocrx_word' id='word_1_40' title='bbox 612 1023 743 1073; x_wconf 88' lang='lat' dir='ltr'><strong>mentem</strong></span> <span class='ocrx_word' id='word_1_41' title='bbox 756 1015 1078 1073; x_wconf 67' lang='lat' dir='ltr'><strong>adeersum-altarum.</strong></span> 
     </span>
    </p>

    <p class='ocr_par' dir='ltr' id='par_1_6' title="bbox 207 1111 743 1190">
     <span class='ocr_line' id='line_1_9' title="bbox 207 1111 743 1190; baseline 0.002 -21"><span class='ocrx_word' id='word_1_42' title='bbox 207 1111 248 1172; x_wconf 85' lang='lat'><strong>11.</strong></span> <span class='ocrx_word' id='word_1_43' title='bbox 263 1115 321 1186; x_wconf 86' lang='lat'><strong>489</strong></span> <span class='ocrx_word' id='word_1_44' title='bbox 336 1131 396 1190; x_wconf 89' lang='lat' dir='ltr'><strong>seq.</strong></span> <span class='ocrx_word' id='word_1_45' title='bbox 411 1113 452 1172; x_wconf 88' lang='lat' dir='ltr'><strong>sic</strong></span> <span class='ocrx_word' id='word_1_46' title='bbox 466 1122 566 1171; x_wconf 85' lang='lat' dir='ltr'><strong>extant</strong></span> <span class='ocrx_word' id='word_1_47' title='bbox 580 1113 611 1170; x_wconf 92' lang='lat' dir='ltr'><strong>in</strong></span> <span class='ocrx_word' id='word_1_48' title='bbox 626 1112 743 1172; x_wconf 89' lang='lat' dir='ltr'><strong>Gembl.</strong></span> 
     </span>
    </p>

    <p class='ocr_par' dir='ltr' id='par_1_7' title="bbox 288 1198 1120 1288">
     <span class='ocr_line' id='line_1_10' title="bbox 288 1198 1120 1288; baseline 0.002 -21"><span class='ocrx_word' id='word_1_49' title='bbox 288 1210 408 1288; x_wconf 86' lang='lat' dir='ltr'><strong>Virgine</strong></span> <span class='ocrx_word' id='word_1_50' title='bbox 430 1229 513 1271; x_wconf 92' lang='lat' dir='ltr'><strong>mens</strong></span> <span class='ocrx_word' id='word_1_51' title='bbox 534 1212 654 1288; x_wconf 89' lang='lat' dir='ltr'><strong>capitur,</strong></span> <span class='ocrx_word' id='word_1_52' title='bbox 676 1211 717 1270; x_wconf 92' lang='lat' dir='ltr'><strong>sic</strong></span> <span class='ocrx_word' id='word_1_53' title='bbox 740 1198 893 1288; x_wconf 84' lang='lat' dir='ltr'><strong>quondam</strong></span> <span class='ocrx_word' id='word_1_54' title='bbox 913 1221 1032 1270; x_wconf 88' lang='lat' dir='ltr'><strong>uexerat</strong></span> <span class='ocrx_word' id='word_1_55' title='bbox 1053 1221 1120 1269; x_wconf 89' lang='lat' dir='ltr'><strong>ante</strong></span> 
     </span>
    </p>

    <p class='ocr_par' dir='ltr' id='par_1_8' title="bbox 206 1309 958 1386">
     <span class='ocr_line' id='line_1_11' title="bbox 206 1309 958 1386; baseline 0.003 -19"><span class='ocrx_word' id='word_1_56' title='bbox 206 1328 268 1384; x_wconf 87' lang='lat'><strong>490</strong></span> <span class='ocrx_word' id='word_1_57' title='bbox 288 1309 440 1386; x_wconf 88' lang='lat' dir='ltr'>Europam</span> <span class='ocrx_word' id='word_1_58' title='bbox 460 1309 550 1369; x_wconf 92' lang='lat' dir='ltr'><strong>dorso</strong></span> <span class='ocrx_word' id='word_1_59' title='bbox 570 1311 741 1370; x_wconf 87' lang='lat' dir='ltr'><strong>retinentem</strong></span> <span class='ocrx_word' id='word_1_60' title='bbox 763 1327 872 1368; x_wconf 90' lang='lat' dir='ltr'><strong>cornua</strong></span> <span class='ocrx_word' id='word_1_61' title='bbox 892 1310 958 1369; x_wconf 89' lang='lat' dir='ltr'><strong>leua</strong></span> 
     </span>
    </p>

    <p class='ocr_par' dir='ltr' id='par_1_9' title="bbox 288 1407 566 1485">
     <span class='ocr_line' id='line_1_12' title="bbox 288 1407 566 1485; baseline 0.011 -19"><span class='ocrx_word' id='word_1_62' title='bbox 288 1407 469 1485; x_wconf 90' lang='lat' dir='ltr'><strong>Indutusque</strong></span> <span class='ocrx_word' id='word_1_63' title='bbox 490 1409 566 1469; x_wconf 91' lang='lat' dir='ltr'><strong>Ioui.</strong></span> 
     </span>
    </p>

    <p class='ocr_par' dir='ltr' id='par_1_10' title="bbox 156 1503 1216 1781">
     <span class='ocr_line' id='line_1_13' title="bbox 208 1503 1216 1584; baseline -0.003 -20"><span class='ocrx_word' id='word_1_64' title='bbox 208 1509 267 1580; x_wconf 86' lang='lat'><strong>489</strong></span> <span class='ocrx_word' id='word_1_65' title='bbox 288 1524 372 1565; x_wconf 91' lang='lat' dir='ltr'><strong>mens</strong></span> <span class='ocrx_word' id='word_1_66' title='bbox 401 1506 468 1566; x_wconf 81' lang='lat' dir='ltr'><strong>Cur.</strong></span> <span class='ocrx_word' id='word_1_67' title='bbox 497 1505 583 1566; x_wconf 81' lang='lat' dir='ltr'><strong>Voss.¹</strong></span> <span class='ocrx_word' id='word_1_68' title='bbox 608 1525 686 1567; x_wconf 91' lang='lat' dir='ltr'><strong>mars</strong></span> <span class='ocrx_word' id='word_1_69' title='bbox 715 1526 806 1584; x_wconf 80' lang='lat' dir='ltr'><strong>marg.</strong></span> <span class='ocrx_word' id='word_1_70' title='bbox 832 1507 916 1566; x_wconf 87' lang='lat' dir='ltr'><strong>Vosr.¹</strong></span> <span class='ocrx_word' id='word_1_71' title='bbox 939 1524 1034 1566; x_wconf 88' lang='lat' dir='ltr'><strong>mares</strong></span> <span class='ocrx_word' id='word_1_72' title='bbox 1059 1503 1146 1565; x_wconf 80' lang='lat' dir='ltr'><strong>Voss.²</strong></span> <span class='ocrx_word' id='word_1_73' title='bbox 1168 1505 1216 1580; x_wconf 91' lang='lat' dir='ltr'><strong>qui</strong></span> 
     </span>
     <span class='ocr_line' id='line_1_14' title="bbox 156 1603 1216 1680; baseline -0.002 -18"><span class='ocrx_word' id='word_1_74' title='bbox 156 1615 215 1680; x_wconf 86' lang='lat' dir='ltr'><strong>pro</strong></span> <span class='ocrx_word' id='word_1_75' title='bbox 238 1610 280 1664; x_wconf 93' lang='lat' dir='ltr'><strong>sic</strong></span> <span class='ocrx_word' id='word_1_76' title='bbox 302 1605 437 1664; x_wconf 85' lang='lat' dir='ltr'><strong>Vossr&#39;aur&#39;.</strong></span> <span class='ocrx_word' id='word_1_77' title='bbox 481 1625 535 1680; x_wconf 85' lang='lat'><strong>491</strong></span> <span class='ocrx_word' id='word_1_78' title='bbox 563 1606 636 1666; x_wconf 89' lang='lat' dir='ltr'><strong>Ioue</strong></span> <span class='ocrx_word' id='word_1_79' title='bbox 656 1607 696 1663; x_wconf 91' lang='lat' dir='ltr'><strong>ed.</strong></span> <span class='ocrx_word' id='word_1_80' title='bbox 720 1605 803 1663; x_wconf 87' lang='lat' dir='ltr'><strong>Rom.</strong></span> <span class='ocrx_word' id='word_1_81' title='bbox 827 1622 904 1680; x_wconf 89' lang='lat'><strong>1510</strong></span> <span class='ocrx_word' id='word_1_82' title='bbox 927 1605 1002 1665; x_wconf 82' lang='lat' dir='ltr'><strong>Post</strong></span> <span class='ocrx_word' id='word_1_83' title='bbox 1031 1605 1096 1664; x_wconf 92' lang='lat' dir='ltr'><strong>Ioui</strong></span> <span class='ocrx_word' id='word_1_84' title='bbox 1122 1603 1216 1661; x_wconf 86' lang='lat' dir='ltr'><strong>Bentl.</strong></span> 
     </span>
     <span class='ocr_line' id='line_1_15' title="bbox 163 1701 1145 1781; baseline -0.001 -21"><span class='ocrx_word' id='word_1_85' title='bbox 163 1705 277 1761; x_wconf 81' lang='lat' dir='ltr'><strong>addidit</strong></span> <span class='ocrx_word' id='word_1_86' title='bbox 288 1714 331 1763; x_wconf 88' lang='lat' dir='ltr'><strong>est</strong></span> <span class='ocrx_word' id='word_1_87' title='bbox 366 1704 458 1763; x_wconf 89' lang='lat' dir='ltr'><strong>Iouist</strong></span> <span class='ocrx_word' id='word_1_88' title='bbox 471 1705 677 1763; x_wconf 82' lang='lat' dir='ltr'><strong>Lachmannur</strong></span> <span class='ocrx_word' id='word_1_89' title='bbox 690 1704 871 1781; x_wconf 90' lang='lat' dir='ltr'><strong>Indutusque</strong></span> <span class='ocrx_word' id='word_1_90' title='bbox 887 1704 992 1763; x_wconf 91' lang='lat' dir='ltr'><strong>Iouem</strong></span> <span class='ocrx_word' id='word_1_91' title='bbox 1007 1701 1145 1779; x_wconf 77' lang='lat' dir='ltr'><strong>Scaliger.</strong></span> 
     </span>
    </p>

    <p class='ocr_par' dir='ltr' id='par_1_11' title="bbox 164 1800 1218 2157">
     <span class='ocr_line' id='line_1_16' title="bbox 207 1800 1215 1878; baseline -0.001 -17"><span class='ocrx_word' id='word_1_92' title='bbox 207 1801 299 1861; x_wconf 82' lang='lat' dir='ltr'><strong>Tauri</strong></span> <span class='ocrx_word' id='word_1_93' title='bbox 318 1822 393 1860; x_wconf 89' lang='lat' dir='ltr'><strong>mens</strong></span> <span class='ocrx_word' id='word_1_94' title='bbox 414 1804 455 1862; x_wconf 90' lang='lat' dir='ltr'><strong>sic</strong></span> <span class='ocrx_word' id='word_1_95' title='bbox 477 1803 582 1862; x_wconf 91' lang='lat' dir='ltr'><strong>dicitur</strong></span> <span class='ocrx_word' id='word_1_96' title='bbox 601 1813 633 1861; x_wconf 92' lang='lat' dir='ltr'><strong>ut</strong></span> <span class='ocrx_word' id='word_1_97' title='bbox 655 1803 850 1862; x_wconf 89' lang='lat' dir='ltr'><strong>Geminorum</strong></span> <span class='ocrx_word' id='word_1_98' title='bbox 871 1805 983 1861; x_wconf 76' lang='lat' dir='ltr'><strong>antinus</strong></span> <span class='ocrx_word' id='word_1_99' title='bbox 1006 1821 1074 1878; x_wconf 80' lang='lat'><strong>493,</strong></span> <span class='ocrx_word' id='word_1_100' title='bbox 1096 1800 1132 1860; x_wconf 85' lang='lat' dir='ltr'><strong>cf.</strong></span> <span class='ocrx_word' id='word_1_101' title='bbox 1157 1815 1215 1875; x_wconf 83' lang='lat'><strong>539</strong></span> 
     </span>
     <span class='ocr_line' id='line_1_17' title="bbox 165 1900 1218 1980; baseline -0.003 -21"><span class='ocrx_word' id='word_1_102' title='bbox 165 1903 196 1960; x_wconf 83' lang='lat' dir='ltr'><strong>r&#39;n</strong></span> <span class='ocrx_word' id='word_1_103' title='bbox 211 1904 348 1977; x_wconf 72' lang='lat' dir='ltr'><strong>properas</strong></span> <span class='ocrx_word' id='word_1_104' title='bbox 367 1902 494 1960; x_wconf 83' lang='lat' dir='ltr'><strong>secedunt</strong></span> <span class='ocrx_word' id='word_1_105' title='bbox 512 1903 628 1979; x_wconf 83' lang='lat' dir='ltr'><strong>se&#39;rrgula</strong></span> <span class='ocrx_word' id='word_1_106' title='bbox 649 1900 753 1980; x_wconf 75' lang='lat' dir='ltr'><strong>(astra)</strong></span> <span class='ocrx_word' id='word_1_107' title='bbox 774 1910 880 1960; x_wconf 81' lang='lat' dir='ltr'><strong>mentes.</strong></span> <span class='ocrx_word' id='word_1_108' title='bbox 933 1901 991 1960; x_wconf 91' lang='lat' dir='ltr'><strong>Sed</strong></span> <span class='ocrx_word' id='word_1_109' title='bbox 1011 1902 1041 1958; x_wconf 92' lang='lat' dir='ltr'><strong>in</strong></span> <span class='ocrx_word' id='word_1_110' title='bbox 1062 1900 1116 1959; x_wconf 91' lang='lat' dir='ltr'><strong>illis</strong></span> <span class='ocrx_word' id='word_1_111' title='bbox 1139 1919 1218 1957; x_wconf 83' lang='lat' dir='ltr'><strong>mars</strong></span> 
     </span>
     <span class='ocr_line' id='line_1_18' title="bbox 165 1999 1216 2078; baseline -0.003 -22"><span class='ocrx_word' id='word_1_112' title='bbox 165 2018 259 2059; x_wconf 85' lang='lat' dir='ltr'><strong>mares</strong></span> <span class='ocrx_word' id='word_1_113' title='bbox 282 1999 360 2058; x_wconf 89' lang='lat' dir='ltr'><strong>aliud</strong></span> <span class='ocrx_word' id='word_1_114' title='bbox 384 1999 473 2059; x_wconf 86' lang='lat' dir='ltr'><strong>latere</strong></span> <span class='ocrx_word' id='word_1_115' title='bbox 497 2010 576 2077; x_wconf 89' lang='lat' dir='ltr'><strong>puto,</strong></span> <span class='ocrx_word' id='word_1_116' title='bbox 600 1999 630 2058; x_wconf 93' lang='lat' dir='ltr'><strong>id</strong></span> <span class='ocrx_word' id='word_1_117' title='bbox 654 1999 789 2058; x_wconf 90' lang='lat' dir='ltr'><strong>uidelicet</strong></span> <span class='ocrx_word' id='word_1_118' title='bbox 812 1999 894 2078; x_wconf 91' lang='lat' dir='ltr'><strong>quod</strong></span> <span class='ocrx_word' id='word_1_119' title='bbox 916 1999 1022 2076; x_wconf 85' lang='lat' dir='ltr'><strong>uirgini</strong></span> <span class='ocrx_word' id='word_1_120' title='bbox 1046 1999 1216 2076; x_wconf 89' lang='lat' dir='ltr'><strong>opponitur,</strong></span> 
     </span>
     <span class='ocr_line' id='line_1_19' title="bbox 164 2117 234 2157; baseline -0.014 0"><span class='ocrx_word' id='word_1_121' title='bbox 164 2117 234 2157; x_wconf 83' lang='lat' dir='ltr'><strong>mas.</strong></span> 
     </span>
    </p>

    <p class='ocr_par' dir='ltr' id='par_1_12' title="bbox 165 2195 1222 2662">
     <span class='ocr_line' id='line_1_20' title="bbox 206 2195 1218 2274; baseline -0.003 -20"><span class='ocrx_word' id='word_1_122' title='bbox 206 2215 235 2254; x_wconf 83' lang='lat' dir='ltr'><strong>u</strong></span> <span class='ocrx_word' id='word_1_123' title='bbox 251 2214 308 2271; x_wconf 84' lang='lat'><strong>491</strong></span> <span class='ocrx_word' id='word_1_124' title='bbox 325 2195 396 2254; x_wconf 90' lang='lat' dir='ltr'><strong>nihil</strong></span> <span class='ocrx_word' id='word_1_125' title='bbox 413 2207 512 2257; x_wconf 90' lang='lat' dir='ltr'><strong>muto:</strong></span> <span class='ocrx_word' id='word_1_126' title='bbox 538 2197 680 2256; x_wconf 85' lang='lat' dir='ltr'><strong>sententia</strong></span> <span class='ocrx_word' id='word_1_127' title='bbox 698 2215 751 2274; x_wconf 88' lang='lat' dir='ltr'><strong>per</strong></span> <span class='ocrx_word' id='word_1_128' title='bbox 765 2196 824 2256; x_wconf 91' lang='lat' dir='ltr'><strong>duo</strong></span> <span class='ocrx_word' id='word_1_129' title='bbox 843 2196 994 2272; x_wconf 91' lang='lat' dir='ltr'><strong>participia</strong></span> <span class='ocrx_word' id='word_1_130' title='bbox 1008 2195 1174 2255; x_wconf 84' lang='lat' dir='ltr'><strong>articulatur</strong></span> <span class='ocrx_word' id='word_1_131' title='bbox 1188 2203 1218 2252; x_wconf 92' lang='lat' dir='ltr'><strong>et</strong></span> 
     </span>
     <span class='ocr_line' id='line_1_21' title="bbox 165 2295 1216 2374; baseline -0.004 -19"><span class='ocrx_word' id='word_1_132' title='bbox 165 2295 302 2355; x_wconf 90' lang='lat' dir='ltr'><strong>cohaeret</strong></span> <span class='ocrx_word' id='word_1_133' title='bbox 305 2314 313 2368; x_wconf 91' lang='lat'>;</span> <span class='ocrx_word' id='word_1_134' title='bbox 330 2296 372 2355; x_wconf 90' lang='lat' dir='ltr'><strong>sic</strong></span> <span class='ocrx_word' id='word_1_135' title='bbox 380 2296 531 2374; x_wconf 90' lang='lat' dir='ltr'><strong>quondam</strong></span> <span class='ocrx_word' id='word_1_136' title='bbox 539 2306 658 2355; x_wconf 84' lang='lat' dir='ltr'><strong>nexerat</strong></span> <span class='ocrx_word' id='word_1_137' title='bbox 670 2307 769 2355; x_wconf 89' lang='lat' dir='ltr'><strong>taurus</strong></span> <span class='ocrx_word' id='word_1_138' title='bbox 780 2295 939 2371; x_wconf 88' lang='lat' dir='ltr'><strong>Europam,</strong></span> <span class='ocrx_word' id='word_1_139' title='bbox 950 2295 1032 2354; x_wconf 88' lang='lat' dir='ltr'><strong>laeua</strong></span> <span class='ocrx_word' id='word_1_140' title='bbox 1045 2295 1216 2352; x_wconf 89' lang='lat' dir='ltr'><strong>retinentem</strong></span> 
     </span>
     <span class='ocr_line' id='line_1_22' title="bbox 165 2390 1222 2470; baseline -0.004 -18"><span class='ocrx_word' id='word_1_141' title='bbox 165 2394 229 2452; x_wconf 91' lang='lat' dir='ltr'><strong>eius</strong></span> <span class='ocrx_word' id='word_1_142' title='bbox 250 2411 370 2466; x_wconf 88' lang='lat' dir='ltr'><strong>cornua,</strong></span> <span class='ocrx_word' id='word_1_143' title='bbox 385 2395 448 2470; x_wconf 90' lang='lat' dir='ltr'><strong>ipse</strong></span> <span class='ocrx_word' id='word_1_144' title='bbox 469 2404 568 2454; x_wconf 90' lang='lat' dir='ltr'><strong>autem</strong></span> <span class='ocrx_word' id='word_1_145' title='bbox 589 2395 691 2454; x_wconf 88' lang='lat' dir='ltr'><strong>Iouem</strong></span> <span class='ocrx_word' id='word_1_146' title='bbox 715 2396 768 2452; x_wconf 92' lang='lat' dir='ltr'><strong>sub</strong></span> <span class='ocrx_word' id='word_1_147' title='bbox 789 2412 820 2454; x_wconf 89' lang='lat' dir='ltr'><strong>se</strong></span> <span class='ocrx_word' id='word_1_148' title='bbox 846 2394 954 2452; x_wconf 71' lang='lat' dir='ltr'><strong>celans</strong></span> <span class='ocrx_word' id='word_1_149' title='bbox 995 2392 1130 2450; x_wconf 87' lang='lat' dir='ltr'><strong>Indutum</strong></span> <span class='ocrx_word' id='word_1_150' title='bbox 1152 2390 1222 2449; x_wconf 76' lang='lat' dir='ltr'><strong>Ioui</strong></span> 
     </span>
     <span class='ocr_line' id='line_1_23' title="bbox 167 2490 1216 2570; baseline -0.001 -21"><span class='ocrx_word' id='word_1_151' title='bbox 167 2490 307 2551; x_wconf 87' lang='lat' dir='ltr'><strong>Manilius</strong></span> <span class='ocrx_word' id='word_1_152' title='bbox 332 2492 400 2552; x_wconf 91' lang='lat' dir='ltr'><strong>dicit</strong></span> <span class='ocrx_word' id='word_1_153' title='bbox 421 2502 536 2551; x_wconf 91' lang='lat' dir='ltr'><strong>taurum</strong></span> <span class='ocrx_word' id='word_1_154' title='bbox 557 2511 646 2570; x_wconf 91' lang='lat' dir='ltr'><strong>quem</strong></span> <span class='ocrx_word' id='word_1_155' title='bbox 667 2492 746 2551; x_wconf 92' lang='lat' dir='ltr'><strong>uelut</strong></span> <span class='ocrx_word' id='word_1_156' title='bbox 769 2492 927 2551; x_wconf 91' lang='lat' dir='ltr'><strong>amiculum</strong></span> <span class='ocrx_word' id='word_1_157' title='bbox 949 2492 1077 2568; x_wconf 91' lang='lat' dir='ltr'><strong>Iuppiter</strong></span> <span class='ocrx_word' id='word_1_158' title='bbox 1098 2491 1153 2549; x_wconf 93' lang='lat' dir='ltr'><strong>sibi</strong></span> <span class='ocrx_word' id='word_1_159' title='bbox 1173 2491 1216 2549; x_wconf 92' lang='lat' dir='ltr'><strong>in·</strong></span> 
     </span>
     <span class='ocr_line' id='line_1_24' title="bbox 166 2591 1158 2662; baseline -0.001 -13"><span class='ocrx_word' id='word_1_160' title='bbox 166 2591 279 2662; x_wconf 89' lang='lat' dir='ltr'><strong>duerat,</strong></span> <span class='ocrx_word' id='word_1_161' title='bbox 294 2600 326 2649; x_wconf 93' lang='lat' dir='ltr'><strong>ut</strong></span> <span class='ocrx_word' id='word_1_162' title='bbox 341 2608 372 2648; x_wconf 91' lang='lat' dir='ltr'><strong>se</strong></span> <span class='ocrx_word' id='word_1_163' title='bbox 387 2591 587 2650; x_wconf 89' lang='lat' dir='ltr'><strong>dissimularet.</strong></span> <span class='ocrx_word' id='word_1_164' title='bbox 1144 2605 1158 2636; x_wconf 79' lang='lat'>⁸</span> 
     </span>
    </p>

    <p class='ocr_par' dir='ltr' id='par_1_13' title="bbox 208 2687 975 2769">
     <span class='ocr_line' id='line_1_25' title="bbox 208 2687 975 2769; baseline 0.001 -23"><span class='ocrx_word' id='word_1_165' title='bbox 208 2687 249 2746; x_wconf 89' lang='lat'><strong>11.</strong></span> <span class='ocrx_word' id='word_1_166' title='bbox 265 2702 335 2764; x_wconf 82' lang='lat'><strong>497,</strong></span> <span class='ocrx_word' id='word_1_167' title='bbox 351 2691 368 2746; x_wconf 90' lang='lat'>8</span> <span class='ocrx_word' id='word_1_168' title='bbox 384 2689 425 2748; x_wconf 91' lang='lat' dir='ltr'><strong>sic</strong></span> <span class='ocrx_word' id='word_1_169' title='bbox 440 2690 583 2747; x_wconf 83' lang='lat' dir='ltr'><strong>extantia</strong></span> <span class='ocrx_word' id='word_1_170' title='bbox 599 2688 715 2769; x_wconf 88' lang='lat' dir='ltr'><strong>Gembl.</strong></span> <span class='ocrx_word' id='word_1_171' title='bbox 731 2689 800 2748; x_wconf 94' lang='lat' dir='ltr'><strong>Cus.</strong></span> <span class='ocrx_word' id='word_1_172' title='bbox 815 2688 975 2748; x_wconf 89' lang='lat' dir='ltr'><strong>Vossianis.</strong></span> 
     </span>
    </p>

    <p class='ocr_par' dir='ltr' id='par_1_14' title="bbox 290 2786 1095 2962">
     <span class='ocr_line' id='line_1_26' title="bbox 290 2786 1095 2862; baseline 0.001 -17"><span class='ocrx_word' id='word_1_173' title='bbox 290 2787 329 2846; x_wconf 87' lang='lat' dir='ltr'><strong>At</strong></span> <span class='ocrx_word' id='word_1_174' title='bbox 349 2787 396 2846; x_wconf 90' lang='lat' dir='ltr'><strong>leo</strong></span> <span class='ocrx_word' id='word_1_175' title='bbox 417 2804 484 2847; x_wconf 91' lang='lat' dir='ltr'><strong>cum</strong></span> <span class='ocrx_word' id='word_1_176' title='bbox 506 2786 640 2846; x_wconf 91' lang='lat' dir='ltr'><strong>Geminis</strong></span> <span class='ocrx_word' id='word_1_177' title='bbox 660 2788 754 2846; x_wconf 86' lang='lat' dir='ltr'><strong>aciem</strong></span> <span class='ocrx_word' id='word_1_178' title='bbox 774 2788 925 2862; x_wconf 82' lang='lat' dir='ltr'><strong>coniungit</strong></span> <span class='ocrx_word' id='word_1_179' title='bbox 945 2797 974 2846; x_wconf 93' lang='lat' dir='ltr'><strong>et</strong></span> <span class='ocrx_word' id='word_1_180' title='bbox 995 2805 1095 2846; x_wconf 92' lang='lat' dir='ltr'><strong>aurem</strong></span> 
     </span>
     <span class='ocr_line' id='line_1_27' title="bbox 291 2884 1054 2962; baseline 0.001 -19"><span class='ocrx_word' id='word_1_181' title='bbox 291 2884 455 2946; x_wconf 85' lang='lat' dir='ltr'><strong>Centaurus</strong></span> <span class='ocrx_word' id='word_1_182' title='bbox 475 2887 609 2960; x_wconf 82' lang='lat' dir='ltr'><strong>geminos</strong></span> <span class='ocrx_word' id='word_1_183' title='bbox 631 2884 805 2962; x_wconf 88' lang='lat' dir='ltr'><strong>Capricorni</strong></span> <span class='ocrx_word' id='word_1_184' title='bbox 826 2886 916 2962; x_wconf 88' lang='lat' dir='ltr'><strong>diligit</strong></span> <span class='ocrx_word' id='word_1_185' title='bbox 934 2894 1054 2945; x_wconf 91' lang='lat' dir='ltr'><strong>astrum.</strong></span> 
     </span>
    </p>

    <p class='ocr_par' dir='ltr' id='par_1_15' title="bbox 165 2982 1218 3340">
     <span class='ocr_line' id='line_1_28' title="bbox 209 2982 1216 3061; baseline 0 -17"><span class='ocrx_word' id='word_1_186' title='bbox 209 2983 372 3045; x_wconf 81' lang='lat' dir='ltr'><strong>Centaurus</strong></span> <span class='ocrx_word' id='word_1_187' title='bbox 394 2986 520 3061; x_wconf 81' lang='lat' dir='ltr'><strong>gemz&#39;reos</strong></span> <span class='ocrx_word' id='word_1_188' title='bbox 547 2982 694 3043; x_wconf 88' lang='lat' dir='ltr'><strong>Bentleius</strong></span> <span class='ocrx_word' id='word_1_189' title='bbox 722 2984 753 3042; x_wconf 91' lang='lat' dir='ltr'><strong>in</strong></span> <span class='ocrx_word' id='word_1_190' title='bbox 782 2984 923 3044; x_wconf 85' lang='lat' dir='ltr'><strong>Centauro</strong></span> <span class='ocrx_word' id='word_1_191' title='bbox 948 2986 1058 3061; x_wconf 68' lang='lat' dir='ltr'><strong>gemero</strong></span> <span class='ocrx_word' id='word_1_192' title='bbox 1084 2984 1216 3044; x_wconf 90' lang='lat' dir='ltr'><strong>correxit.</strong></span> 
     </span>
     <span class='ocr_line' id='line_1_29' title="bbox 167 3081 1218 3160; baseline 0.001 -19"><span class='ocrx_word' id='word_1_193' title='bbox 167 3081 271 3142; x_wconf 85' lang='lat' dir='ltr'><strong>Malim</strong></span> <span class='ocrx_word' id='word_1_194' title='bbox 288 3082 437 3154; x_wconf 84' lang='lat' dir='ltr'><strong>Centauro,</strong></span> <span class='ocrx_word' id='word_1_195' title='bbox 451 3084 594 3159; x_wconf 82' lang='lat' dir='ltr'><strong>geme&#39;nurn</strong></span> <span class='ocrx_word' id='word_1_196' title='bbox 605 3104 617 3141; x_wconf 92' lang='lat'><strong>.·</strong></span> <span class='ocrx_word' id='word_1_197' title='bbox 640 3102 709 3142; x_wconf 89' lang='lat' dir='ltr'><strong>nam</strong></span> <span class='ocrx_word' id='word_1_198' title='bbox 724 3083 919 3160; x_wconf 89' lang='lat' dir='ltr'><strong>Capricornus</strong></span> <span class='ocrx_word' id='word_1_199' title='bbox 933 3103 970 3141; x_wconf 88' lang='lat' dir='ltr'><strong>ex</strong></span> <span class='ocrx_word' id='word_1_200' title='bbox 985 3102 1071 3160; x_wconf 89' lang='lat' dir='ltr'><strong>capra</strong></span> <span class='ocrx_word' id='word_1_201' title='bbox 1089 3093 1119 3142; x_wconf 94' lang='lat' dir='ltr'><strong>et</strong></span> <span class='ocrx_word' id='word_1_202' title='bbox 1139 3084 1218 3160; x_wconf 90' lang='lat' dir='ltr'><strong>pisce</strong></span> 
     </span>
     <span class='ocr_line' id='line_1_30' title="bbox 165 3179 1218 3258; baseline 0 -17"><span class='ocrx_word' id='word_1_203' title='bbox 165 3192 217 3241; x_wconf 83' lang='lat' dir='ltr'><strong>cst.</strong></span> <span class='ocrx_word' id='word_1_204' title='bbox 259 3181 300 3241; x_wconf 90' lang='lat' dir='ltr'><strong>Et</strong></span> <span class='ocrx_word' id='word_1_205' title='bbox 326 3179 429 3242; x_wconf 88' lang='lat' dir='ltr'><strong>melius</strong></span> <span class='ocrx_word' id='word_1_206' title='bbox 461 3183 501 3241; x_wconf 93' lang='lat' dir='ltr'><strong>sic</strong></span> <span class='ocrx_word' id='word_1_207' title='bbox 529 3181 737 3241; x_wconf 88' lang='lat' dir='ltr'><strong>distribuuntur</strong></span> <span class='ocrx_word' id='word_1_208' title='bbox 765 3182 911 3241; x_wconf 90' lang='lat' dir='ltr'><strong>clausulae</strong></span> <span class='ocrx_word' id='word_1_209' title='bbox 938 3200 1032 3258; x_wconf 88' lang='lat' dir='ltr'><strong>neque</strong></span> <span class='ocrx_word' id='word_1_210' title='bbox 1060 3200 1078 3241; x_wconf 86' lang='lat' dir='ltr'><strong>a</strong></span> <span class='ocrx_word' id='word_1_211' title='bbox 1105 3183 1218 3242; x_wconf 88' lang='lat' dir='ltr'><strong>ratione</strong></span> 
     </span>
     <span class='ocr_line' id='line_1_31' title="bbox 168 3278 767 3340; baseline 0 -2"><span class='ocrx_word' id='word_1_212' title='bbox 168 3278 330 3339; x_wconf 87' lang='lat' dir='ltr'><strong>Maniliana</strong></span> <span class='ocrx_word' id='word_1_213' title='bbox 349 3279 584 3340; x_wconf 88' lang='lat' dir='ltr'><strong>hexametrorum</strong></span> <span class='ocrx_word' id='word_1_214' title='bbox 604 3280 767 3340; x_wconf 89' lang='lat' dir='ltr'><strong>abhorrent.</strong></span> 
     </span>
    </p>

    <p class='ocr_par' dir='ltr' id='par_1_16' title="bbox 289 3377 1088 3457">
     <span class='ocr_line' id='line_1_32' title="bbox 289 3377 1088 3457; baseline 0.003 -21"><span class='ocrx_word' id='word_1_215' title='bbox 289 3378 331 3436; x_wconf 89' lang='lat' dir='ltr'><strong>At</strong></span> <span class='ocrx_word' id='word_1_216' title='bbox 350 3377 396 3438; x_wconf 89' lang='lat' dir='ltr'><strong>leo</strong></span> <span class='ocrx_word' id='word_1_217' title='bbox 415 3396 483 3438; x_wconf 90' lang='lat' dir='ltr'><strong>cum</strong></span> <span class='ocrx_word' id='word_1_218' title='bbox 497 3377 743 3438; x_wconf 82' lang='lat' dir='ltr'><strong>Geminis&#39;aciem</strong></span> <span class='ocrx_word' id='word_1_219' title='bbox 764 3380 922 3457; x_wconf 87' lang='lat' dir='ltr'><strong>coniungit,</strong></span> <span class='ocrx_word' id='word_1_220' title='bbox 938 3390 967 3438; x_wconf 93' lang='lat' dir='ltr'><strong>et</strong></span> <span class='ocrx_word' id='word_1_221' title='bbox 987 3397 1088 3439; x_wconf 88' lang='lat' dir='ltr'><strong>aurem</strong></span> 
     </span>
    </p>

    <p class='ocr_par' dir='ltr' id='par_1_17' title="bbox 207 3475 1062 3650">
     <span class='ocr_line' id='line_1_33' title="bbox 291 3475 1062 3556; baseline 0 -20"><span class='ocrx_word' id='word_1_222' title='bbox 291 3475 448 3551; x_wconf 87' lang='lat' dir='ltr'><strong>Centauro,</strong></span> <span class='ocrx_word' id='word_1_223' title='bbox 468 3477 618 3554; x_wconf 83' lang='lat' dir='ltr'><strong>geminum</strong></span> <span class='ocrx_word' id='word_1_224' title='bbox 640 3476 809 3556; x_wconf 89' lang='lat' dir='ltr'><strong>Capricorni</strong></span> <span class='ocrx_word' id='word_1_225' title='bbox 832 3479 923 3555; x_wconf 83' lang='lat' dir='ltr'><strong>diligit</strong></span> <span class='ocrx_word' id='word_1_226' title='bbox 944 3488 1062 3538; x_wconf 87' lang='lat' dir='ltr'><strong>astrum.</strong></span> 
     </span>
     <span class='ocr_line' id='line_1_34' title="bbox 207 3574 323 3650; baseline -0.017 -15"><span class='ocrx_word' id='word_1_227' title='bbox 207 3574 248 3635; x_wconf 90' lang='lat'><strong>11.</strong></span> <span class='ocrx_word' id='word_1_228' title='bbox 260 3590 323 3650; x_wconf 84' lang='lat'><strong>520</strong></span> 
     </span>
    </p>

    <p class='ocr_par' dir='ltr' id='par_1_18' title="bbox 291 3673 1032 3753">
     <span class='ocr_line' id='line_1_35' title="bbox 291 3673 1032 3753; baseline 0.003 -22"><span class='ocrx_word' id='word_1_229' title='bbox 291 3673 373 3746; x_wconf 88' lang='lat' dir='ltr'><strong>Quin</strong></span> <span class='ocrx_word' id='word_1_230' title='bbox 394 3674 518 3734; x_wconf 89' lang='lat' dir='ltr'><strong>aduersa</strong></span> <span class='ocrx_word' id='word_1_231' title='bbox 539 3684 637 3734; x_wconf 90' lang='lat' dir='ltr'><strong>meant</strong></span> <span class='ocrx_word' id='word_1_232' title='bbox 658 3675 746 3734; x_wconf 88' lang='lat' dir='ltr'><strong>etiam</strong></span> <span class='ocrx_word' id='word_1_233' title='bbox 767 3676 883 3753; x_wconf 84' lang='lat' dir='ltr'><strong>trigona</strong></span> <span class='ocrx_word' id='word_1_234' title='bbox 903 3676 1032 3752; x_wconf 84' lang='lat' dir='ltr'><strong>trigonis.</strong></span> 
     </span>
    </p>

    <p class='ocr_par' dir='ltr' id='par_1_19' title="bbox 166 3771 1218 3951">
     <span class='ocr_line' id='line_1_36' title="bbox 209 3771 1218 3850; baseline 0.003 -20"><span class='ocrx_word' id='word_1_235' title='bbox 209 3771 258 3832; x_wconf 93' lang='lat' dir='ltr'><strong>Sic</strong></span> <span class='ocrx_word' id='word_1_236' title='bbox 279 3771 404 3844; x_wconf 91' lang='lat' dir='ltr'><strong>Gembl.,</strong></span> <span class='ocrx_word' id='word_1_237' title='bbox 419 3773 471 3832; x_wconf 89' lang='lat' dir='ltr'><strong>sed</strong></span> <span class='ocrx_word' id='word_1_238' title='bbox 492 3781 595 3850; x_wconf 84' lang='lat' dir='ltr'><strong>queant</strong></span> <span class='ocrx_word' id='word_1_239' title='bbox 606 3772 744 3833; x_wconf 84' lang='lat' dir='ltr'><strong>Vossiani</strong></span> <span class='ocrx_word' id='word_1_240' title='bbox 766 3793 833 3834; x_wconf 91' lang='lat' dir='ltr'><strong>cum</strong></span> <span class='ocrx_word' id='word_1_241' title='bbox 853 3774 975 3834; x_wconf 89' lang='lat' dir='ltr'><strong>Cusano</strong></span> <span class='ocrx_word' id='word_1_242' title='bbox 995 3783 1023 3833; x_wconf 88' lang='lat' dir='ltr'><strong>et</strong></span> <span class='ocrx_word' id='word_1_243' title='bbox 1043 3775 1218 3850; x_wconf 68' lang='lat' dir='ltr'><strong>aeliamque</strong></span> 
     </span>
     <span class='ocr_line' id='line_1_37' title="bbox 166 3869 1218 3951; baseline 0.005 -21"><span class='ocrx_word' id='word_1_244' title='bbox 166 3869 305 3931; x_wconf 86' lang='lat' dir='ltr'><strong>Cusanus</strong></span> <span class='ocrx_word' id='word_1_245' title='bbox 318 3879 348 3931; x_wconf 90' lang='lat' dir='ltr'><strong>et</strong></span> <span class='ocrx_word' id='word_1_246' title='bbox 362 3880 428 3932; x_wconf 92' lang='lat' dir='ltr'><strong>cett.</strong></span> <span class='ocrx_word' id='word_1_247' title='bbox 443 3889 555 3945; x_wconf 88' lang='lat' dir='ltr'><strong>omnes,</strong></span> <span class='ocrx_word' id='word_1_248' title='bbox 571 3873 626 3934; x_wconf 90' lang='lat' dir='ltr'><strong>nisi</strong></span> <span class='ocrx_word' id='word_1_249' title='bbox 645 3873 726 3950; x_wconf 90' lang='lat' dir='ltr'><strong>quod</strong></span> <span class='ocrx_word' id='word_1_250' title='bbox 746 3873 777 3932; x_wconf 92' lang='lat' dir='ltr'><strong>in</strong></span> <span class='ocrx_word' id='word_1_251' title='bbox 795 3873 938 3951; x_wconf 88' lang='lat' dir='ltr'><strong>Lipsiensi</strong></span> <span class='ocrx_word' id='word_1_252' title='bbox 951 3892 1002 3948; x_wconf 83' lang='lat' dir='ltr'><strong>que</strong></span> <span class='ocrx_word' id='word_1_253' title='bbox 1021 3891 1039 3931; x_wconf 86' lang='lat' dir='ltr'><strong>a</strong></span> <span class='ocrx_word' id='word_1_254' title='bbox 1054 3884 1218 3935; x_wconf 85' lang='lat' dir='ltr'><strong>correctore</strong></span> 
     </span>
    </p>

    <p class='ocr_par' dir='ltr' id='par_1_20' title="bbox 668 3990 718 4031">
     <span class='ocr_line' id='line_1_38' title="bbox 668 3990 718 4031; baseline -0.02 0"><span class='ocrx_word' id='word_1_255' title='bbox 668 3990 718 4031; x_wconf 79' lang='lat' dir='ltr'><strong>aa</strong></span> 
     </span>
    </p>
   </div>
   <div class='ocr_carea' id='block_1_3' title="bbox 0 0 1392 4448">
    <p class='ocr_par' dir='ltr' id='par_1_21' title="bbox 0 0 1392 4448">
     <span class='ocr_line' id='line_1_39' title="bbox 0 0 1392 4448; baseline 0 0"><span class='ocrx_word' id='word_1_256' title='bbox 0 0 1392 4448; x_wconf 95' lang='lat' dir='ltr'><strong> </strong></span> 
     </span>
    </p>
   </div>
  </div>
 </body>
</html>
