2760 4448
448 281 502 328 AD
524 281 679 330 ARATEA
707 282 927 332 GERMANICI
1153 285 1213 352 247

166 436 225 496 Pro
250 444 354 495 tenetur
374 437 494 498 Grotius
510 441 635 516 feretur,
658 459 711 516 pro
736 443 866 500 dz'slz'ncta
891 442 1064 502 emendabat
1089 444 1214 513 dal-tenta,
1242 428 1247 437 ⁸

165 555 206 595 sc.
219 554 327 595 cornua
341 554 426 595 arcus
437 537 582 596 Centauri.
617 538 719 616 Itaque
734 540 931 599 nominatiuus
943 541 980 599 ad
983 542 1099 619 feretur
1112 541 1215 600 Venus

166 635 227 692 erit.
270 633 345 693 Mihi
367 639 473 712 sagitta
494 637 590 712 potius
611 655 665 712 pro
686 639 867 697 nominatiuo
889 649 1037 712 censetur;
1060 647 1165 697 tenetur
1184 640 1215 697 in

165 740 276 805 teretur,
297 736 399 809 rapallo
418 735 447 791 in
467 737 570 808 rapida
588 756 621 792 ac
642 746 732 795 muto.
775 736 835 808 Qui
857 738 887 795 in
908 757 944 798 eo
965 748 1061 797 estut
1083 739 1215 813 sagittam

165 833 284 902 emittat,
301 851 384 891 arcus
397 844 508 909 partem
523 852 596 910 quae
610 835 684 893 inter
697 853 807 893 cornua
821 845 865 893 est
879 837 984 912 sagitta
999 837 1069 895 terit.
1112 836 1215 895 Verbis

614 950 682 990 cum
702 951 754 1008 per
775 934 892 992 sinuosa
914 944 1019 992 teretur

288 1028 407 1088 Cornua
428 1029 567 1088 Centauri
588 1030 689 1106 rapida
710 1049 745 1089 ac
767 1030 893 1090 distenta
914 1032 1018 1109 sagitta

165 1126 237 1184 nihil
251 1127 329 1187 aliud
343 1128 519 1203 significatur
534 1129 589 1187 nisi
603 1128 749 1188 Venerem
765 1140 826 1188 tum
842 1132 873 1188 in
888 1130 1045 1206 Sagittario
1059 1150 1131 1190 esse.

210 1240 265 1301 137
289 1225 534 1302 Quandoquidem
557 1229 684 1286 exoritur
705 1229 796 1304 signis
817 1247 934 1307 quoque
957 1229 1112 1305 Cylleneus

288 1323 368 1395 Quid
389 1324 496 1385 faceret
518 1326 613 1401 primo
635 1326 722 1385 docui
744 1345 810 1385 cum
832 1328 941 1386 lumine
964 1327 1031 1387 solis

289 1422 424 1500 Tempus
445 1433 473 1482 et
494 1442 616 1483 occasus
636 1435 755 1484 moneat
776 1424 852 1502 quae
873 1427 984 1485 discere
1005 1425 1124 1484 Phoebi.

165 1520 285 1579 Frustra
306 1535 361 1596 137
384 1521 579 1581 emendabant
600 1522 721 1582 Grotius
746 1523 900 1584 scribendo
923 1524 956 1596 Q.
975 1531 1092 1584 exortus
1113 1527 1214 1583 mundo

167 1618 310 1696 Cyllenius
330 1623 413 1695 agnei,
431 1619 625 1680 Baehrensius
645 1620 678 1692 Q.
697 1625 828 1682 exoratur
846 1625 940 1699 segnis
960 1643 1041 1699 quom
1061 1622 1212 1698 Cylleneua

164 1718 255 1776 ethic
273 1719 391 1795 quidem
410 1720 493 1778 metri
511 1720 575 1796 lege
594 1719 703 1779 uiolata
721 1739 780 1797 qua
799 1722 1013 1798 spondiazonta
1032 1722 1163 1798 dactylus
1182 1724 1213 1780 in

165 1826 267 1893 quarto
281 1817 355 1894 pede
370 1819 525 1893 praecedit.
567 1818 678 1876 Vitium
693 1820 777 1878 traxit
791 1840 905 1895 quoque.
950 1821 1094 1897 Scriptum
1107 1820 1199 1880 fuerat

287 1915 536 1993 Quandoquidem
557 1917 686 1975 exoritur
706 1919 820 1993 quoties
842 1918 990 1994 Cyllenius
1010 1919 1087 1995 ignis

164 2013 191 2072 h.
204 2033 229 2072 e.
243 2015 384 2090 quoniam
398 2015 486 2073 docui
501 2016 571 2090 quid
583 2015 745 2074 Mercurius
760 2017 893 2074 exoriens
908 2017 1012 2075 faceret
1028 2035 1095 2076 cum
1110 2028 1212 2076 exortu

164 2113 242 2184 solis,
263 2131 341 2171 nunc
365 2122 480 2190 tempus
506 2122 549 2172 est
574 2124 606 2171 ut
628 2113 723 2172 discas
745 2132 820 2190 quae
842 2126 960 2173 moneat
981 2116 1068 2174 etiam
1090 2133 1212 2174 occasus

165 2211 284 2290 Phoebi.

209 2324 265 2384 145
288 2309 367 2367 Hinc
388 2319 417 2368 et
437 2309 583 2387 Agenorei
605 2311 749 2368 stellantia
770 2329 880 2370 cornua
901 2312 974 2369 tauri

286 2407 402 2479 Quidue
423 2407 516 2466 ferant
538 2408 663 2479 Gemini,
684 2409 787 2484 rapido
808 2409 878 2485 quid
901 2408 993 2468 sidere
1015 2409 1136 2480 Cancer,

287 2507 317 2564 Si
337 2502 610 2584 penitussquaeres:
640 2508 772 2566 Taurum
793 2508 903 2566 saeuire
924 2507 1039 2567 uidebis

208 2609 263 2678 148
287 2605 437 2664 Grandine
458 2622 520 2664 necv
535 2615 635 2665 contra
657 2605 723 2664 ferri
745 2606 854 2664 ratione
876 2606 1028 2682 probanda

285 2705 345 2763 Aut
366 2704 482 2764 Cancro
503 2702 552 2763 aut
573 2705 723 2775 Geminis3
752 2704 861 2762 calidus
884 2705 1004 2780 uestigia
1025 2714 1120 2762 seruat

286 2803 345 2862 Hic
367 2821 426 2880 quo
448 2804 525 2862 dicta
546 2802 608 2862 Leo
631 2803 783 2878 saeuisque
805 2803 949 2861 caloribus
971 2803 1061 2861 ardet.

207 2905 264 2975 148
286 2920 340 2961 nec
360 2911 462 2960 contra
483 2901 549 2960 ferri
570 2902 685 2960 Arund.
707 2909 734 2958 et
752 2900 872 2958 Mearm.
915 2899 979 2959 nitit
1001 2898 1076 2977 (nitit
1097 2900 1210 2980 Parz'r.)

163 3010 265 3059 contra
290 2999 355 3060 serri
377 2999 470 3058 Basil.
496 3007 522 3058 el
542 3000 642 3058 Paris.
673 2999 723 3057 An
748 3018 801 3057 nec
826 3009 927 3059 contra
951 3000 1023 3057 niti?
1070 3019 1125 3076 149
1152 3001 1211 3059 Aut

163 3099 310 3158 Cancrum
325 3109 373 3157 aut
387 3098 529 3158 Geminos
547 3097 672 3157 Gratias.

204 3199 269 3255 ‘Ait
281 3197 411 3256 Taurum
426 3197 568 3274 grandine
582 3198 709 3269 saeuire;
732 3197 881 3257 Cancrum
896 3187 1013 3273 quoque
1028 3207 1057 3256 et
1068 3195 1210 3257 Geminos

162 3315 223 3355 non
238 3296 302 3354 ferri
317 3297 348 3353 in
362 3297 547 3368 contrarium,
562 3294 641 3372 quod
659 3294 733 3353 foret
752 3294 932 3370 optandum:
956 3296 1016 3354 imo
1035 3306 1063 3354 et
1077 3295 1210 3356 Leonem

162 3394 290 3472 praefata
325 3413 439 3453 seruare
470 3394 707 3471 praecedentium
740 3393 867 3452 siderum
898 3394 1039 3470 uestigia?
1083 3393 1209 3454 Grotius.

161 3493 252 3569 Atqui
268 3492 346 3551 MSS
361 3491 468 3551 habent
482 3493 545 3551 Aut
561 3512 662 3550 cancro
683 3499 735 3549 aut
745 3494 877 3567 gemmei,
892 3492 973 3569 quod
988 3502 1087 3568 aperte
1102 3492 1210 3568 pendet

162 3611 198 3650 ex
212 3591 358 3650 uocabulo
369 3591 525 3666 probanda,
541 3592 586 3649 cui
601 3591 654 3650 soli
669 3589 808 3649 adhaeret
823 3591 959 3666 negatiua
975 3591 1115 3665 particula
1133 3610 1208 3667 quae

162 3692 215 3747 sub
229 3709 276 3746 nec
291 3687 406 3768 (elnon)
423 3689 584 3748 includitur.
627 3689 691 3747 Iam
706 3689 837 3747 Taurum
856 3690 913 3746 nili
927 3698 1037 3760 contra,
1054 3706 1115 3747 non
1123 3689 1213 3767 serrz'

162 3789 226 3864 quis
248 3788 356 3846 dubitet
378 3787 586 3846 Germanicum
607 3788 733 3847 dixisse?
777 3787 899 3862 Semper
918 3787 996 3845 enim
1017 3787 1057 3846 sic
1082 3787 1209 3862 pingitur

162 3885 285 3958 Taurus,
302 3887 396 3946 nitens
409 3897 437 3946 et
455 3887 536 3963 quasi
554 3886 667 3946 luctans
687 3899 790 3945 contra
808 3885 960 3944 obstantia.
1004 3883 1093 3955 Quod
1112 3885 1208 3942 nititur
