2760 4448
239 286 308 370 o36
528 291 583 347 ao
605 292 760 346 arama
787 291 1009 345 Garamantes

242 464 442 535 permutentur
462 453 492 514 in
513 456 672 530 codicibus,
693 456 788 516 sciunt
808 473 930 515 omnes:
954 455 996 516 sic
1011 454 1115 515 Catuli.
1130 455 1197 514 lxiv.
1217 459 1295 531 183:

243 557 285 616 sic
301 555 387 614 Ouid.
402 554 474 615 Met.
490 555 516 613 ii.
532 566 589 630 572
622 557 711 613 uentis
725 555 789 615 eod.
807 553 891 613 Harl.
908 568 995 629 2710,
1013 557 1094 613 lentis
1112 554 1294 615 Marcianus.

287 667 345 730 270
367 653 555 725 Quinetiam
576 653 638 729 lyra
659 652 808 712 Mercurio
830 653 935 713 dilecta
956 653 1080 712 deorum

365 749 556 810 Plurimul'um
578 760 714 828 acceptae
734 752 824 831 prohs
846 749 930 811 caelo
950 751 1023 811 nitet
1043 761 1112 810 ante
1133 750 1239 810 labore

365 849 520 910 Deuictam
541 846 677 927 effigiem.

283 947 364 1010 Arar.
380 951 438 1006 268

365 1050 407 1104 καὶ
426 1048 505 1121 χέλυς
525 1043 563 1119 ἥτ’
584 1047 669 1122 ὀλίγη·
689 1048 736 1118 τὴν
756 1044 781 1103 δ’
800 1046 842 1121 ἆρ’
864 1049 901 1104 ἔτι
922 1049 963 1104 καὶ
983 1048 1053 1121 παρὰ
1072 1046 1153 1123 λίκνῳ

365 1147 482 1219 ‘lipacius
502 1148 617 1220 ε’τόρησε,
639 1145 724 1219 Λύρην
744 1148 774 1202 δέ
791 1170 835 1219 ριν
855 1144 911 1206 εἶπε
931 1148 1064 1221 λέγεσθαι,

366 1245 435 1301 maii
455 1244 528 1301 ἔθετο
548 1246 721 1319 προπάροιθεν
741 1246 864 1304 intutior
884 1245 1000 1301 εἰδώλοιο

366 1345 473 1416 οὐρανὸν
494 1343 647 1418 εἷοογογῶν.

244 1441 439 1500 Plurimalum
467 1436 616 1517 Hauptius
643 1440 766 1500 correxit
799 1440 830 1499 in
864 1439 1002 1514 Multum,
1031 1440 1228 1500 Baehrensius
1265 1439 1295 1498 in

244 1539 418 1599 Plurimum.
451 1538 532 1598 Arati
552 1540 642 1598 uerba
663 1548 779 1599 secutus
802 1539 871 1596 xaoo'
888 1542 961 1597 ἔθετο
981 1542 1154 1616 προπάροιθεν
1171 1541 1296 1598 ἀπευθέοε

243 1640 361 1694 ettotam
383 1639 498 1712 οὐρανὸν
519 1639 672 1711 εἰσαγαγών,
689 1655 806 1696 uersum
830 1648 1000 1715 corruptum
1022 1639 1063 1698 sic
1084 1647 1207 1698 conatus
1229 1655 1296 1696 sum

243 1734 400 1794 emendare
413 1735 444 1792 in
458 1733 538 1794 Diar.
554 1733 655 1793 Phiiol.
670 1732 808 1794 Cantabr.
821 1735 857 1794 vi.
878 1748 934 1810 ²7²

367 1831 484 1891 Lumen
505 1831 611 1910 adepta
632 1833 719 1892 trahit
740 1833 822 1893 caelo

244 1930 279 1991 cf.
297 1944 356 2006 570
372 1933 503 2008 nullaque
518 1950 579 1989 nox
592 1932 635 1991 bis
653 1937 733 1989 terna
752 1935 846 1991 mimus
866 1932 939 1990 caelo
958 1932 1051 1990 trahit
1067 1938 1156 1991 astra.
1201 1931 1294 1990 Simili

245 2029 456 2105 significatione
475 2029 572 2089 Schot.
588 2028 755 2088 Strozziana
771 2049 800 2107 p.
818 2049 874 2104 144
890 2029 1010 2108 Breysig
1029 2033 1104 2088 arim
1123 2032 1188 2089 dax
1204 2049 1296 2106 aquae

244 2129 411 2186 immortalis
424 2133 547 2186 mutatus
560 2135 602 2187 est
612 2135 638 2186 et
649 2129 740 2186 caeli
749 2129 865 2187 sidera
879 2136 1075 2187 consecutus
1089 2135 1144 2187 est.

245 2221 408 2305 [Hauptius
426 2225 555 2284 Multum
574 2233 684 2302 accepta
702 2226 797 2302 epulis,
813 2225 1008 2286 Baehrensius
1021 2226 1187 2286 Plurimum
1201 2228 1296 2285 ama'ca

244 2325 340 2401 epulis.
383 2324 456 2384 Mox
471 2324 620 2383 Deaictam
634 2323 820 2384 Burmannus
833 2334 909 2383 recte
922 2325 953 2384 in
967 2324 1113 2404 Dffectam
1127 2321 1276 2405 mutauit]

287 2443 347 2500 3¹0
370 2423 493 2500 Signum
515 2424 568 2482 erit
589 2423 725 2482 exoriens
746 2423 833 2482 nobis
854 2434 916 2481 tum
937 2433 1024 2484 nocte
1046 2442 1183 2500 suprema

369 2522 507 2599 Scorpios
528 2522 576 2580 ille
596 2522 685 2582 micat
706 2540 795 2600 supra
815 2518 888 2581 freta
908 2522 1025 2582 caerula
1045 2521 1149 2581 cauda.

368 2621 534 2698 Insequitur
554 2620 652 2697 grauis
673 2639 758 2680 arcus
779 2631 807 2680 et
828 2621 859 2679 in
878 2621 992 2681 eaelum
1012 2622 1107 2698 magis
1128 2621 1197 2680 exit.

368 2719 456 2778 Tunc
478 2719 534 2779 alte
557 2718 711 2794 Cynosura
730 2718 811 2778 redit

287 2817 345 2877 Pro
373 2820 460 2875 mr'cat
482 2818 661 2894 reposuerim
689 2817 804 2876 micante
831 2819 975 2877 amissae
998 2835 1036 2876 ex
1060 2818 1165 2876 mirate.
1208 2817 1296 2876 Certe

247 2919 270 2976 si
288 2916 455 2976 Germanici
477 2934 578 2975 uersus
598 2916 671 2974 inter
692 2934 723 2974 se
743 2917 928 2992 compararis,
950 2917 1050 2976 nescio
1067 2916 1138 2994 quid
1159 2926 1247 2976 tenue
1268 2927 1298 2975 et

246 3015 322 3075 exile
343 3032 445 3073 sonare
466 3014 543 3073 istud
564 3015 611 3072 ille
630 3016 718 3072 micat
735 3024 824 3091 supra
843 3014 993 3090 intelliges.
1034 3015 1147 3074 Contra
1166 3013 1299 3091 Scarpias

247 3115 292 3172 ille
313 3114 429 3172 micante
448 3123 537 3188 supra
548 3112 636 3189 freta
658 3114 772 3171 caerula
793 3114 884 3171 cauda
905 3113 1038 3171 uiuidum
1058 3123 1087 3172 et
1108 3113 1146 3172 ad
1169 3113 1299 3189 ingentis

247 3213 323 3289 signi
337 3211 567 3287 magnitudinem
579 3199 803 3288 'exprimendam
820 3212 1011 3288 aptissimum.
1055 3211 1129 3270 Mox
1144 3212 1225 3287 quod
1243 3213 1298 3269 alte

247 3311 366 3370 Grotius
389 3311 419 3368 in
446 3310 502 3367 alta
528 3310 659 3381 mutauit,
684 3310 785 3368 malim
809 3309 980 3369 aduerbium
1006 3310 1137 3381 retinere,
1162 3309 1203 3368 uti
1227 3310 1302 3369 dixit

246 3410 354 3467 Aratus
370 3411 427 3484 308
443 3411 526 3480 Τῆμοο
542 3410 583 3465 καὶ
600 3409 700 3482 κεφαλὴ
720 3410 910 3482 Κυνοσουρὶδος
930 3410 1017 3482 ἅκρόθι
1038 3410 1127 3466 νυκτὸς
1139 3407 1208 3482 ’Υψι
1228 3409 1302 3478 μάλα

248 3511 361 3580 τροχάει,
388 3506 469 3584 quod
496 3506 538 3564 sie
571 3506 657 3565 uertit
684 3506 740 3564 Ed.
768 3506 856 3565 Poste
880 3505 985 3565 ‘Then
1013 3515 1064 3565 too
1091 3505 1140 3564 the
1164 3504 1240 3594 iread
1269 3505 1306 3564 oi

247 3605 400 3681 Cynosure
419 3605 449 3663 in
470 3604 518 3664 the
538 3613 592 3682 top
610 3603 645 3662 of
662 3603 711 3663 the
732 3604 844 3683 nightly
858 3603 912 3682 sky
926 3605 1106 3665 Culminates
1123 3605 1185 3683 just
1198 3603 1301 3663 before

248 3703 297 3763 the
311 3701 414 3762 dawn?

293 3804 351 3877 316
785 3799 873 3860 habet
893 3800 1033 3860 miracula
1055 3799 1135 3859 nulla

373 3899 403 3958 Si
425 3900 538 3962 caelum
560 3898 691 3960 ascendit
711 3899 791 3959 Iouis
812 3900 939 3976 armiger
959 3899 1006 3959 hic
1028 3909 1126 3959 tamen
1147 3896 1282 3961 tardum
