2760 4448
172 282 235 351 174
474 281 622 332 noeriis
641 280 890 333 Mnnrnrrxnn

160 441 284 521 flumine
302 447 409 512 cuncta,
425 437 574 500 Bentleius
593 448 674 518 atque
693 459 748 501 nno
767 461 796 500 se
815 441 966 500 accendunt
983 441 1086 502 lumine
1108 448 1218 516 cuncta,

169 539 297 599 Iacobus
310 545 390 616 atque
402 558 457 597 une
470 541 589 598 camni
598 542 630 598 in
634 542 756 619 flamine
768 548 876 600 cuncta.
910 540 1003 612 Vnus,
1019 540 1100 619 quod
1115 542 1217 613 sciam,

171 638 329 698 Stoeberus
336 640 458 717 flumine
471 638 512 697 sic
534 639 735 715 interpretatus
749 647 800 710 est,
817 638 937 697 ‘omnia
957 641 1040 717 quasi
1060 638 1218 716 liquefacta

170 738 266 797 calore
283 737 410 796 diffluere
435 746 467 794 ut
489 755 555 795 cera
579 747 629 796 aut
648 737 795 796 metallum
812 738 873 814 igni
891 737 1075 814 impositum?
1117 737 1156 797 Et
1171 757 1217 795 ceu

168 843 237 895 sunt
261 836 379 913 quidem
406 853 468 893 non
495 835 586 894 modo
613 834 686 894 nihil
715 836 804 895 habet
831 836 862 893 in
892 854 924 895 se
952 836 1135 906 difficultatis,
1165 835 1218 894 sed

169 935 258 994 etiam
278 933 397 993 mirifice
419 933 557 992 conuenit
577 932 615 992 ad
635 934 854 1010 temperandam
874 952 910 1011 ac
926 934 1118 1011 mitigandam
1134 934 1217 993 locu·

169 1033 280 1092 tionem
293 1050 347 1090 uno
360 1037 428 1091 sunt
445 1033 475 1089 in
494 1033 604 1104 himine,
618 1033 661 1091 sic
675 1033 754 1091 enim
773 1051 810 1091 ex
828 1031 951 1091 Bentleii
964 1033 1131 1092 coniectura
1146 1033 1217 1091 seri-

168 1131 299 1190 bendum
312 1149 386 1190 reor.
419 1129 478 1188 Sed
491 1130 522 1188 in
538 1133 595 1190 218
611 1149 665 1189 nec
673 1133 789 1207 pre‘rnas
803 1131 884 1208 quod
897 1131 974 1190 coni.
986 1131 1149 1203 Reinesius,
1160 1149 1217 1190 nec

161 1241 272 1309 pronas
286 1228 367 1306 quod
387 1228 525 1304 Scaliger,
539 1239 694 1306 utrumque
715 1229 752 1288 ab
766 1230 845 1289 Italis
861 1230 953 1290 multo
973 1240 1040 1290 ante
1053 1231 1216 1302 inuentum,

168 1328 238 1388 satis
265 1327 341 1387 facit.
393 1328 425 1387 Si
452 1329 611 1389 litterarum
638 1330 741 1388 ductus
769 1331 908 1407 sequaris,
934 1339 1047 1406 poterat
1074 1347 1139 1389 esse
1161 1340 1218 1406 prr

161 1428 303 1504 proxime
330 1429 445 1486 sustulit
469 1447 543 1500 orae,
571 1426 599 1485 h.
610 1447 634 1486 e.
662 1446 714 1504 per
741 1447 807 1487 eam
835 1439 948 1506 partem
975 1429 1096 1488 extremi
1123 1428 1217 1488 litoris

169 1526 231 1584 siue
253 1525 411 1584 horizontis
432 1544 522 1602 quam
543 1527 598 1584 sibi
617 1527 783 1603 proximam
805 1526 900 1585 habet.

209 1622 305 1684 Multo
327 1624 394 1701 plus
419 1624 546 1700 scrupuli
567 1635 666 1683 mouet
690 1644 757 1701 219.
808 1624 846 1683 ln
867 1643 928 1702 quo
949 1625 1029 1701 quod
1049 1623 1216 1684 Nascenten

166 1722 294 1782 Iacobus
314 1722 436 1780 mutauit
456 1722 487 1779 in
507 1721 674 1795 Iz'iscenten,
699 1732 728 1781 et
749 1723 805 1782 hoc
826 1742 895 1782 cum
918 1724 1041 1783 lectione
1065 1723 1217 1783 coniunxit

167 1818 326 1879 Vossiani²
342 1839 426 1896 quan
446 1839 495 1878 nec
506 1822 607 1896 pelagi
622 1823 808 1880 restrinxerit
820 1822 904 1893 unde,
924 1840 986 1880 non
1005 1822 1046 1881 ita
1067 1821 1216 1899 scripsisse

168 1917 324 1977 Manilium
348 1936 519 1993 persuasum
541 1918 647 1978 habeo.
692 1915 738 1998 (r)
763 1922 948 1979 restrinxerit
973 1937 1041 1979 cum
1064 1921 1142 1978 unda
1170 1921 1216 1979 in-

167 2035 340 2093 congruum,
364 2034 439 2093 quae
467 2017 563 2094 potius
589 2018 758 2076 restinxerit
777 2016 805 2076 h.
816 2038 840 2076 e.
860 2018 998 2095 mitigarit
1025 2027 1216 2079 aestuantem.

166 2114 213 2196 (a)
233 2115 331 2188 Quem
352 2124 450 2174 autem
472 2114 551 2174 unda
573 2115 614 2174 sic
638 2116 819 2175 restinxerit?
869 2116 940 2175 Non
961 2115 1139 2189 Caniculam,
1161 2115 1215 2176 sed

166 2218 317 2270 nascentem
331 2212 473 2272 Canicula
487 2213 604 2272 oriente.
646 2212 682 2271 Id
696 2213 774 2272 enim
795 2212 889 2289 agitur
906 2215 937 2272 in
955 2212 1029 2272 libro
1043 2212 1081 2286 V,
1096 2224 1129 2273 ut
1143 2213 1214 2290 quid

166 2321 283 2370 maneat
297 2312 351 2369 sub
366 2311 486 2387 singulis
508 2311 598 2388 signis
615 2320 700 2370 natos
721 2311 888 2387 explicetur.
929 2311 1033 2388 Itaque
1047 2311 1085 2370 ad
1099 2321 1215 2372 ceteros

165 2408 283 2468 codices
310 2409 495 2469 reuoluimur.
546 2408 593 2468 Ex
617 2408 663 2467 his
686 2408 801 2472 Gembl.
824 2427 892 2468 cum
917 2409 1038 2468 Cusano
1063 2418 1093 2468 et
1114 2408 1214 2469 Voss.¹

166 2507 274 2566 habent
294 2506 460 2566 Nascentene
479 2509 510 2566 si
526 2527 613 2584 quem,
635 2506 794 2584 Lipsiensis
813 2507 1078 2584 Nescania-quen
1098 2525 1158 2568 om.
1176 2509 1214 2582 si,

165 2604 246 2681 quod
267 2615 369 2682 postea
389 2616 534 2665 corrector
559 2605 676 2664 addidit.
728 2604 785 2665 Pro
808 2607 994 2665 restrinxerit
1013 2615 1111 2665 autem
1132 2607 1215 2683 quod

166 2705 238 2763 dant
262 2703 423 2780 Lipsiensis
447 2714 476 2763 et
498 2701 606 2775 Voss.²‚
629 2704 797 2763 restinxerit
816 2703 896 2782 quod
921 2702 1047 2775 Gembl.,
1072 2704 1215 2781 scriptum

163 2812 209 2860 est
236 2802 267 2859 in
289 2800 387 2862 Voss.1
411 2812 440 2862 et
461 2801 582 2861 Cusano
602 2803 825 2880 perstrinxerat.
878 2802 958 2862 Hinc
979 2801 1120 2861 alternam
1142 2820 1215 2862 eruo

165 2900 319 2959 lectionem

221 2994 266 3076 (1)
287 2997 464 3057 Nascentem
486 2997 510 3056 si
531 3016 618 3075 quem
640 2998 734 3076 pelagi
755 2998 963 3075 perstrinxerat
980 2997 1072 3071 unda,

164 3095 225 3158 lne.
249 3096 273 3155 si
297 3097 344 3156 cui
369 3097 501 3156 nascenti
525 3099 623 3156 oriens
640 3096 783 3156 Canicula
805 3116 842 3157 ex
860 3096 983 3158 Oceano
1008 3107 1119 3174 partem
1143 3115 1214 3158 suae

164 3194 312 3274 potentiae
326 3196 471 3254 iniecerat.

219 3291 265 3372 (2)
286 3293 464 3353 Nascentem
482 3296 520 3352 ni
536 3311 624 3371 quem
645 3293 741 3371 pelagi
761 3293 922 3352 restinxerit
940 3293 1028 3365 unda,

164 3392 193 3450 h.
202 3411 228 3451 e.
240 3393 295 3451 nisi
309 3401 372 3450 tum
388 3393 518 3451 nascenti
532 3401 691 3469 temperata
704 3411 755 3469 per
766 3390 879 3451 Oceani
893 3392 1005 3463 fluctus,
1019 3391 1097 3452 unde
1112 3392 1212 3467 oritur,

161 3489 305 3550 Canicula
318 3490 414 3549 mitior
428 3489 556 3550 adfuerit

205 3589 341 3665 Superest
357 3590 388 3647 in
410 3608 464 3648 221
479 3591 566 3668 fletus
580 3607 635 3666 pro
651 3608 710 3666 quo
731 3589 833 3648 melius
848 3586 948 3648 Voss.¹
959 3590 1077 3667 fluctus.
1118 3589 1210 3666 Verg.

160 3687 237 3748 Aen.
251 3688 299 3745 xii.
315 3690 332 3744 8
337 3706 371 3762 31
388 3687 509 3745 Irarum
523 3695 613 3745 tantos
626 3689 716 3745 ualuis
729 3687 779 3746 sub
788 3695 899 3764 pectore
911 3689 1028 3766 fluctus.
1069 3685 1156 3748 Lucr.
1170 3689 1210 3747 iii.

163 3788 222 3861 296
237 3787 282 3843 nis
295 3792 335 3843 est
349 3787 469 3844 ueniente
482 3787 588 3844 leonum
603 3785 723 3844 Pectora
740 3787 794 3863 qni
799 3785 925 3862 fremitu
939 3791 1075 3862 rumpunt
1081 3787 1210 3862 plerum-

159 3904 213 3962 que
229 3891 363 3961 gementes
377 3883 444 3946 Nec
463 3894 559 3962 capere
579 3885 689 3945 z‘rorurn
702 3887 811 3964 stactus
831 3886 863 3944 in
877 3890 986 3962 pectere
1000 3889 1127 3962 permut.
1168 3883 1209 3944 Et
