<?xml version="1.0" encoding="UTF-8"?>
<!DOCTYPE html PUBLIC "-//W3C//DTD XHTML 1.0 Transitional//EN"
    "http://www.w3.org/TR/xhtml1/DTD/xhtml1-transitional.dtd">
<html xmlns="http://www.w3.org/1999/xhtml" xml:lang="en" lang="en">
 <head>
  <title>
</title>
<meta http-equiv="Content-Type" content="text/html;charset=utf-8" />
  <meta name='ocr-system' content='tesseract 3.04.00' />
  <meta name='ocr-capabilities' content='ocr_page ocr_carea ocr_par ocr_line ocrx_word'/>
</head>
<body>
  <div class='ocr_page' id='page_1' title='image "./noctesmaniliana00elligoog/noctesmaniliana00elligoog_0093.png"; bbox 0 0 2760 4448; ppageno 0'>
   <div class='ocr_carea' id='block_1_1' title="bbox 253 299 977 372">
    <p class='ocr_par' dir='ltr' id='par_1_1' title="bbox 253 299 977 372">
     <span class='ocr_line' id='line_1_1' title="bbox 253 299 977 372; baseline -0.008 -16"><span class='ocrx_word' id='word_1_1' title='bbox 253 304 292 372; x_wconf 82' lang='lat'><em>72</em></span> <span class='ocrx_word' id='word_1_2' title='bbox 311 356 315 363; x_wconf 79' lang='grc'><em>,</em></span> <span class='ocrx_word' id='word_1_3' title='bbox 563 300 710 352; x_wconf 71' lang='lat' dir='ltr'><em>nocuas</em></span> <span class='ocrx_word' id='word_1_4' title='bbox 728 299 977 351; x_wconf 65' lang='lat' dir='ltr'><em>Munrcrauna</em></span> 
     </span>
    </p>
   </div>
   <div class='ocr_carea' id='block_1_2' title="bbox 251 459 1299 733">
    <p class='ocr_par' dir='ltr' id='par_1_2' title="bbox 251 459 1299 733">
     <span class='ocr_line' id='line_1_2' title="bbox 251 459 1292 539; baseline -0.004 -19"><span class='ocrx_word' id='word_1_5' title='bbox 251 461 358 539; x_wconf 85' lang='lat' dir='ltr'><em>paratis</em></span> <span class='ocrx_word' id='word_1_6' title='bbox 369 459 467 521; x_wconf 89' lang='lat' dir='ltr'><em>Voss.¹</em></span> <span class='ocrx_word' id='word_1_7' title='bbox 481 469 508 518; x_wconf 88' lang='lat' dir='ltr'><em>et</em></span> <span class='ocrx_word' id='word_1_8' title='bbox 518 459 586 520; x_wconf 87' lang='lat' dir='ltr'><em>Cus.</em></span> <span class='ocrx_word' id='word_1_9' title='bbox 596 478 687 519; x_wconf 87' lang='lat' dir='ltr'><em>cumo</em></span> <span class='ocrx_word' id='word_1_10' title='bbox 701 459 873 519; x_wconf 87' lang='lat' dir='ltr'><em>eliciendum</em></span> <span class='ocrx_word' id='word_1_11' title='bbox 883 469 958 518; x_wconf 91' lang='lat' dir='ltr'><em>esset</em></span> <span class='ocrx_word' id='word_1_12' title='bbox 971 461 1031 517; x_wconf 90' lang='lat' dir='ltr'><em>telis</em></span> <span class='ocrx_word' id='word_1_13' title='bbox 1041 460 1202 534; x_wconf 80' lang='lat' dir='ltr'><em>pugnantia</em></span> <span class='ocrx_word' id='word_1_14' title='bbox 1215 459 1292 528; x_wconf 74' lang='lat' dir='ltr'><em>caeli¹</em></span> 
     </span>
     <span class='ocr_line' id='line_1_3' title="bbox 251 555 1299 635; baseline -0.006 -15"><span class='ocrx_word' id='word_1_15' title='bbox 251 577 319 620; x_wconf 88' lang='lat' dir='ltr'><em>cum</em></span> <span class='ocrx_word' id='word_1_16' title='bbox 340 577 376 618; x_wconf 88' lang='lat' dir='ltr'><em>ex</em></span> <span class='ocrx_word' id='word_1_17' title='bbox 400 564 532 635; x_wconf 84' lang='lat' dir='ltr'><em>corrupto</em></span> <span class='ocrx_word' id='word_1_18' title='bbox 552 559 626 616; x_wconf 84' lang='lat' dir='ltr'><em>caeli</em></span> <span class='ocrx_word' id='word_1_19' title='bbox 642 564 734 617; x_wconf 85' lang='lat' dir='ltr'><em>tractu</em></span> <span class='ocrx_word' id='word_1_20' title='bbox 757 557 831 617; x_wconf 87' lang='lat' dir='ltr'><em>Aen.</em></span> <span class='ocrx_word' id='word_1_21' title='bbox 852 559 889 617; x_wconf 91' lang='lat' dir='ltr'><em>iii.</em></span> <span class='ocrx_word' id='word_1_22' title='bbox 914 560 980 633; x_wconf 82' lang='lat'>138,</span> <span class='ocrx_word' id='word_1_23' title='bbox 1001 555 1072 616; x_wconf 89' lang='lat' dir='ltr'><em>Luc.</em></span> <span class='ocrx_word' id='word_1_24' title='bbox 1093 557 1120 616; x_wconf 92' lang='lat' dir='ltr'><em>ii.</em></span> <span class='ocrx_word' id='word_1_25' title='bbox 1145 575 1203 615; x_wconf 85' lang='lat'><em>200</em></span> <span class='ocrx_word' id='word_1_26' title='bbox 1224 558 1299 615; x_wconf 85' lang='lat' dir='ltr'><em>caeli</em></span> 
     </span>
     <span class='ocr_line' id='line_1_4' title="bbox 251 653 1295 733; baseline -0.005 -16"><span class='ocrx_word' id='word_1_27' title='bbox 251 666 392 733; x_wconf 84' lang='lat' dir='ltr'><em>terraeque</em></span> <span class='ocrx_word' id='word_1_28' title='bbox 401 659 467 727; x_wconf 87' lang='lat' dir='ltr'><em>lues,</em></span> <span class='ocrx_word' id='word_1_29' title='bbox 476 657 537 715; x_wconf 91' lang='lat' dir='ltr'><em>lues</em></span> <span class='ocrx_word' id='word_1_30' title='bbox 547 666 574 716; x_wconf 89' lang='lat' dir='ltr'><em>et</em></span> <span class='ocrx_word' id='word_1_31' title='bbox 583 657 677 716; x_wconf 91' lang='lat' dir='ltr'><em>morbi</em></span> <span class='ocrx_word' id='word_1_32' title='bbox 687 657 754 716; x_wconf 88' lang='lat' dir='ltr'><em>oriri</em></span> <span class='ocrx_word' id='word_1_33' title='bbox 766 656 906 716; x_wconf 86' lang='lat' dir='ltr'><em>dicantur.</em></span> <span class='ocrx_word' id='word_1_34' title='bbox 938 655 1133 715; x_wconf 89' lang='lat' dir='ltr'><em>Disertissime</em></span> <span class='ocrx_word' id='word_1_35' title='bbox 1142 653 1295 715; x_wconf 87' lang='lat' dir='ltr'><em>Lucretius</em></span> 
     </span>
    </p>
   </div>
   <div class='ocr_carea' id='block_1_3' title="bbox 245 753 1302 3774">
    <p class='ocr_par' dir='ltr' id='par_1_3' title="bbox 245 753 1302 3278">
     <span class='ocr_line' id='line_1_5' title="bbox 252 753 1295 831; baseline -0.004 -17"><span class='ocrx_word' id='word_1_36' title='bbox 252 757 288 814; x_wconf 88' lang='lat' dir='ltr'><em>vi.</em></span> <span class='ocrx_word' id='word_1_37' title='bbox 306 757 423 831; x_wconf 88' lang='lat'>1094-6</span> <span class='ocrx_word' id='word_1_38' title='bbox 440 754 484 812; x_wconf 89' lang='lat' dir='ltr'><em>Et</em></span> <span class='ocrx_word' id='word_1_39' title='bbox 496 760 593 812; x_wconf 84' lang='lat' dir='ltr'><em>cantra</em></span> <span class='ocrx_word' id='word_1_40' title='bbox 614 773 684 830; x_wconf 83' lang='lat' dir='ltr'><em>quac</em></span> <span class='ocrx_word' id='word_1_41' title='bbox 704 754 763 811; x_wconf 86' lang='lat' dir='ltr'><em>sint</em></span> <span class='ocrx_word' id='word_1_42' title='bbox 781 754 874 812; x_wconf 85' lang='lat' dir='ltr'><em>morbo</em></span> <span class='ocrx_word' id='word_1_43' title='bbox 894 756 1027 829; x_wconf 57' lang='lat' dir='ltr'><em>morteque</em></span> <span class='ocrx_word' id='word_1_44' title='bbox 1047 761 1176 812; x_wconf 82' lang='lat' dir='ltr'><em>necessest</em></span> <span class='ocrx_word' id='word_1_45' title='bbox 1194 753 1295 811; x_wconf 90' lang='lat' dir='ltr'><em>Multa</em></span> 
     </span>
     <span class='ocr_line' id='line_1_6' title="bbox 252 851 1295 931; baseline -0.005 -18"><span class='ocrx_word' id='word_1_46' title='bbox 252 857 366 913; x_wconf 79' lang='lat' dir='ltr'><em>scolare:</em></span> <span class='ocrx_word' id='word_1_47' title='bbox 388 873 420 911; x_wconf 92' lang='lat' dir='ltr'><em>ca</em></span> <span class='ocrx_word' id='word_1_48' title='bbox 441 871 519 929; x_wconf 83' lang='lat' dir='ltr'><em>quam</em></span> <span class='ocrx_word' id='word_1_49' title='bbox 533 873 600 911; x_wconf 87' lang='lat' dir='ltr'><em>casn</em></span> <span class='ocrx_word' id='word_1_50' title='bbox 621 863 688 910; x_wconf 90' lang='lat' dir='ltr'><em>sunt</em></span> <span class='ocrx_word' id='word_1_51' title='bbox 695 853 778 931; x_wconf 84' lang='lat' dir='ltr'><em>sorte</em></span> <span class='ocrx_word' id='word_1_52' title='bbox 797 858 890 912; x_wconf 85' lang='lat' dir='ltr'><em>coorta</em></span> <span class='ocrx_word' id='word_1_53' title='bbox 904 851 948 911; x_wconf 91' lang='lat' dir='ltr'><em>Et</em></span> <span class='ocrx_word' id='word_1_54' title='bbox 952 852 1162 928; x_wconf 84' lang='lat' dir='ltr'><em>perturbarunt</em></span> <span class='ocrx_word' id='word_1_55' title='bbox 1181 852 1295 922; x_wconf 88' lang='lat' dir='ltr'><em>caelum,</em></span> 
     </span>
     <span class='ocr_line' id='line_1_7' title="bbox 245 947 1296 1030; baseline -0.002 -19"><span class='ocrx_word' id='word_1_56' title='bbox 245 955 287 1030; x_wconf 81' lang='lat' dir='ltr'><em>fit</em></span> <span class='ocrx_word' id='word_1_57' title='bbox 300 952 439 1010; x_wconf 71' lang='lat' dir='ltr'><em>norbanus</em></span> <span class='ocrx_word' id='word_1_58' title='bbox 452 970 509 1010; x_wconf 84' lang='lat' dir='ltr'><em>aer.</em></span> <span class='ocrx_word' id='word_1_59' title='bbox 541 951 645 1028; x_wconf 90' lang='lat' dir='ltr'><em>Itaque</em></span> <span class='ocrx_word' id='word_1_60' title='bbox 664 951 723 1010; x_wconf 91' lang='lat' dir='ltr'><em>duo</em></span> <span class='ocrx_word' id='word_1_61' title='bbox 736 951 873 1010; x_wconf 89' lang='lat' dir='ltr'><em>uidentur</em></span> <span class='ocrx_word' id='word_1_62' title='bbox 890 950 994 1008; x_wconf 87' lang='lat' dir='ltr'><em>tradita</em></span> <span class='ocrx_word' id='word_1_63' title='bbox 1008 950 1095 1009; x_wconf 84' lang='lat' dir='ltr'><em>fuisse</em></span> <span class='ocrx_word' id='word_1_64' title='bbox 1109 947 1154 1029; x_wconf 84' lang='lat'><em>(1)</em></span> <span class='ocrx_word' id='word_1_65' title='bbox 1169 949 1200 1008; x_wconf 96' lang='lat' dir='ltr'><em>id</em></span> <span class='ocrx_word' id='word_1_66' title='bbox 1214 949 1296 1026; x_wconf 92' lang='lat' dir='ltr'><em>quod</em></span> 
     </span>
     <span class='ocr_line' id='line_1_8' title="bbox 253 1046 1297 1128; baseline -0.003 -19"><span class='ocrx_word' id='word_1_67' title='bbox 253 1051 346 1110; x_wconf 86' lang='lat' dir='ltr'><em>habet.</em></span> <span class='ocrx_word' id='word_1_68' title='bbox 355 1049 470 1109; x_wconf 90' lang='lat' dir='ltr'><em>Gembl.</em></span> <span class='ocrx_word' id='word_1_69' title='bbox 484 1059 513 1108; x_wconf 92' lang='lat' dir='ltr'><em>et</em></span> <span class='ocrx_word' id='word_1_70' title='bbox 527 1049 624 1109; x_wconf 69' lang='lat' dir='ltr'><em>Voss.²</em></span> <span class='ocrx_word' id='word_1_71' title='bbox 644 1051 732 1106; x_wconf 88' lang='lat' dir='ltr'><em>caecis</em></span> <span class='ocrx_word' id='word_1_72' title='bbox 739 1049 904 1126; x_wconf 80' lang='lat' dir='ltr'><em>pugnantia</em></span> <span class='ocrx_word' id='word_1_73' title='bbox 917 1050 987 1121; x_wconf 76' lang='lat' dir='ltr'><em>telci,</em></span> <span class='ocrx_word' id='word_1_74' title='bbox 1009 1046 1054 1128; x_wconf 76' lang='lat' dir='ltr'><em>(a)</em></span> <span class='ocrx_word' id='word_1_75' title='bbox 1068 1050 1297 1125; x_wconf 75' lang='lat' dir='ltr'><em>telespugnantea</em></span> 
     </span>
     <span class='ocr_line' id='line_1_9' title="bbox 253 1150 1035 1208; baseline 0.001 0"><span class='ocrx_word' id='word_1_76' title='bbox 253 1150 331 1208; x_wconf 85' lang='lat' dir='ltr'><em>caeli.</em></span> <span class='ocrx_word' id='word_1_77' title='bbox 1032 1194 1035 1199; x_wconf 52' lang='lat'>&gt;</span> 
     </span>
     <span class='ocr_line' id='line_1_10' title="bbox 293 1243 1297 1321; baseline -0.001 -16"><span class='ocrx_word' id='word_1_78' title='bbox 293 1263 411 1306; x_wconf 90' lang='lat' dir='ltr'><em>uersum</em></span> <span class='ocrx_word' id='word_1_79' title='bbox 434 1244 612 1304; x_wconf 90' lang='lat' dir='ltr'><em>dimidiatum</em></span> <span class='ocrx_word' id='word_1_80' title='bbox 631 1255 683 1320; x_wconf 85' lang='lat' dir='ltr'><em>per</em></span> <span class='ocrx_word' id='word_1_81' title='bbox 707 1251 786 1303; x_wconf 90' lang='lat' dir='ltr'><em>tanta</em></span> <span class='ocrx_word' id='word_1_82' title='bbox 806 1247 936 1321; x_wconf 84' lang='lat' dir='ltr'><em>pcrc&#39;cula</em></span> <span class='ocrx_word' id='word_1_83' title='bbox 964 1246 1061 1304; x_wconf 74' lang='lat' dir='ltr'><em>mortui</em></span> <span class='ocrx_word' id='word_1_84' title='bbox 1088 1243 1233 1303; x_wconf 88' lang='lat' dir='ltr'><em>Breiterus</em></span> <span class='ocrx_word' id='word_1_85' title='bbox 1260 1244 1297 1304; x_wconf 90' lang='lat' dir='ltr'><em>de</em></span> 
     </span>
     <span class='ocr_line' id='line_1_11' title="bbox 253 1341 1298 1420; baseline -0.004 -16"><span class='ocrx_word' id='word_1_86' title='bbox 253 1344 397 1404; x_wconf 89' lang='lat' dir='ltr'><em>emendat.</em></span> <span class='ocrx_word' id='word_1_87' title='bbox 419 1342 519 1402; x_wconf 90' lang='lat' dir='ltr'><em>Manil.</em></span> <span class='ocrx_word' id='word_1_88' title='bbox 537 1361 565 1420; x_wconf 90' lang='lat' dir='ltr'><em>p.</em></span> <span class='ocrx_word' id='word_1_89' title='bbox 584 1356 617 1416; x_wconf 83' lang='lat'><em>17</em></span> <span class='ocrx_word' id='word_1_90' title='bbox 641 1361 678 1401; x_wconf 88' lang='lat' dir='ltr'><em>ex</em></span> <span class='ocrx_word' id='word_1_91' title='bbox 698 1341 766 1401; x_wconf 93' lang='lat' dir='ltr'><em>loco</em></span> <span class='ocrx_word' id='word_1_92' title='bbox 787 1360 841 1401; x_wconf 90' lang='lat' dir='ltr'><em>suo</em></span> <span class='ocrx_word' id='word_1_93' title='bbox 863 1342 998 1402; x_wconf 88' lang='lat' dir='ltr'><em>tralatum</em></span> <span class='ocrx_word' id='word_1_94' title='bbox 1019 1343 1146 1414; x_wconf 85' lang='lat' dir='ltr'><em>credidit,</em></span> <span class='ocrx_word' id='word_1_95' title='bbox 1167 1360 1298 1420; x_wconf 87' lang='lat' dir='ltr'><em>cumque</em></span> 
     </span>
     <span class='ocr_line' id='line_1_12' title="bbox 255 1439 1299 1518; baseline -0.001 -18"><span class='ocrx_word' id='word_1_96' title='bbox 255 1458 311 1517; x_wconf 84' lang='lat'><em>952</em></span> <span class='ocrx_word' id='word_1_97' title='bbox 329 1441 528 1518; x_wconf 87' lang='lat' dir='ltr'><em>imperfectum</em></span> <span class='ocrx_word' id='word_1_98' title='bbox 548 1440 716 1499; x_wconf 86' lang='lat' dir='ltr'><em>tradiderint</em></span> <span class='ocrx_word' id='word_1_99' title='bbox 730 1440 844 1500; x_wconf 88' lang='lat' dir='ltr'><em>codices</em></span> <span class='ocrx_word' id='word_1_100' title='bbox 857 1439 901 1499; x_wconf 89' lang='lat' dir='ltr'><em>Et</em></span> <span class='ocrx_word' id='word_1_101' title='bbox 904 1441 994 1516; x_wconf 87' lang='lat' dir='ltr'><em>finem</em></span> <span class='ocrx_word' id='word_1_102' title='bbox 1014 1443 1086 1500; x_wconf 81' lang='lat' dir='ltr'><em>uc&#39;tae</em></span> <span class='ocrx_word' id='word_1_103' title='bbox 1107 1443 1211 1512; x_wconf 79' lang='lat' dir='ltr'><em>rennct,</em></span> <span class='ocrx_word' id='word_1_104' title='bbox 1228 1458 1299 1500; x_wconf 91' lang='lat' dir='ltr'><em>cum</em></span> 
     </span>
     <span class='ocr_line' id='line_1_13' title="bbox 253 1538 993 1611; baseline 0 -13"><span class='ocrx_word' id='word_1_105' title='bbox 253 1541 310 1601; x_wconf 94' lang='lat' dir='ltr'><em>hoc</em></span> <span class='ocrx_word' id='word_1_106' title='bbox 325 1539 483 1611; x_wconf 86' lang='lat' dir='ltr'><em>coniunxit,</em></span> <span class='ocrx_word' id='word_1_107' title='bbox 497 1538 600 1597; x_wconf 87' lang='lat' dir='ltr'><em>ultimo</em></span> <span class='ocrx_word' id='word_1_108' title='bbox 613 1538 759 1598; x_wconf 88' lang='lat' dir='ltr'><em>uocabulo</em></span> <span class='ocrx_word' id='word_1_109' title='bbox 773 1540 870 1597; x_wconf 74' lang='lat' dir='ltr'><em>mortes</em></span> <span class='ocrx_word' id='word_1_110' title='bbox 884 1539 993 1598; x_wconf 90' lang='lat' dir='ltr'><em>omisso</em></span> 
     </span>
     <span class='ocr_line' id='line_1_14' title="bbox 415 1636 1092 1713; baseline 0 -18"><span class='ocrx_word' id='word_1_111' title='bbox 415 1636 454 1695; x_wconf 90' lang='lat' dir='ltr'><em>Et</em></span> <span class='ocrx_word' id='word_1_112' title='bbox 475 1637 563 1695; x_wconf 88' lang='lat' dir='ltr'><em>finem</em></span> <span class='ocrx_word' id='word_1_113' title='bbox 583 1636 660 1695; x_wconf 90' lang='lat' dir='ltr'><em>uitae</em></span> <span class='ocrx_word' id='word_1_114' title='bbox 680 1637 782 1695; x_wconf 89' lang='lat' dir='ltr'><em>retinet</em></span> <span class='ocrx_word' id='word_1_115' title='bbox 803 1655 855 1713; x_wconf 90' lang='lat' dir='ltr'><em>per</em></span> <span class='ocrx_word' id='word_1_116' title='bbox 875 1645 955 1696; x_wconf 86' lang='lat' dir='ltr'><em>tanta</em></span> <span class='ocrx_word' id='word_1_117' title='bbox 976 1636 1092 1712; x_wconf 90' lang='lat' dir='ltr'><em>pericla.</em></span> 
     </span>
     <span class='ocr_line' id='line_1_15' title="bbox 256 1733 1299 1812; baseline -0.002 -17"><span class='ocrx_word' id='word_1_118' title='bbox 256 1735 314 1795; x_wconf 88' lang='lat' dir='ltr'><em>Sed</em></span> <span class='ocrx_word' id='word_1_119' title='bbox 335 1754 429 1811; x_wconf 92' lang='lat' dir='ltr'><em>neque</em></span> <span class='ocrx_word' id='word_1_120' title='bbox 453 1734 520 1793; x_wconf 90' lang='lat' dir='ltr'><em>huic</em></span> <span class='ocrx_word' id='word_1_121' title='bbox 541 1733 607 1793; x_wconf 95' lang='lat' dir='ltr'><em>loco</em></span> <span class='ocrx_word' id='word_1_122' title='bbox 627 1744 711 1810; x_wconf 92' lang='lat' dir='ltr'><em>aptus</em></span> <span class='ocrx_word' id='word_1_123' title='bbox 732 1743 783 1806; x_wconf 86' lang='lat' dir='ltr'><em>est,</em></span> <span class='ocrx_word' id='word_1_124' title='bbox 798 1753 891 1812; x_wconf 92' lang='lat' dir='ltr'><em>neque</em></span> <span class='ocrx_word' id='word_1_125' title='bbox 912 1744 955 1793; x_wconf 90' lang='lat' dir='ltr'><em>est</em></span> <span class='ocrx_word' id='word_1_126' title='bbox 976 1753 1027 1794; x_wconf 90' lang='lat' dir='ltr'><em>cur</em></span> <span class='ocrx_word' id='word_1_127' title='bbox 1040 1735 1199 1795; x_wconf 74' lang='lat' dir='ltr'><em>Vossiani²</em></span> <span class='ocrx_word' id='word_1_128' title='bbox 1213 1735 1299 1793; x_wconf 87' lang='lat' dir='ltr'><em>libra·</em></span> 
     </span>
     <span class='ocr_line' id='line_1_16' title="bbox 255 1832 1301 1910; baseline -0.001 -19"><span class='ocrx_word' id='word_1_129' title='bbox 255 1835 330 1891; x_wconf 91' lang='lat' dir='ltr'><em>rium</em></span> <span class='ocrx_word' id='word_1_130' title='bbox 341 1833 387 1891; x_wconf 88' lang='lat' dir='ltr'><em>hic</em></span> <span class='ocrx_word' id='word_1_131' title='bbox 397 1843 480 1909; x_wconf 86' lang='lat' dir='ltr'><em>putes</em></span> <span class='ocrx_word' id='word_1_132' title='bbox 491 1849 610 1903; x_wconf 90' lang='lat' dir='ltr'><em>errasse,</em></span> <span class='ocrx_word' id='word_1_133' title='bbox 624 1835 655 1890; x_wconf 91' lang='lat' dir='ltr'><em>in</em></span> <span class='ocrx_word' id='word_1_134' title='bbox 666 1833 767 1891; x_wconf 91' lang='lat' dir='ltr'><em>ceteris</em></span> <span class='ocrx_word' id='word_1_135' title='bbox 781 1832 967 1908; x_wconf 84' lang='lat' dir='ltr'><em>diligentem3</em></span> <span class='ocrx_word' id='word_1_136' title='bbox 988 1843 1016 1891; x_wconf 93' lang='lat' dir='ltr'><em>et</em></span> <span class='ocrx_word' id='word_1_137' title='bbox 1026 1833 1143 1910; x_wconf 88' lang='lat' dir='ltr'><em>periisse</em></span> <span class='ocrx_word' id='word_1_138' title='bbox 1157 1833 1301 1891; x_wconf 91' lang='lat' dir='ltr'><em>nonnulla</em></span> 
     </span>
     <span class='ocr_line' id='line_1_17' title="bbox 254 1929 1300 2008; baseline -0.001 -18"><span class='ocrx_word' id='word_1_139' title='bbox 254 1942 322 2008; x_wconf 92' lang='lat' dir='ltr'><em>post</em></span> <span class='ocrx_word' id='word_1_140' title='bbox 357 1949 413 2005; x_wconf 87' lang='lat'><em>902</em></span> <span class='ocrx_word' id='word_1_141' title='bbox 447 1929 502 1989; x_wconf 88' lang='lat' dir='ltr'><em>alia</em></span> <span class='ocrx_word' id='word_1_142' title='bbox 529 1930 692 2000; x_wconf 84' lang='lat' dir='ltr'><em>ostendunt,</em></span> <span class='ocrx_word' id='word_1_143' title='bbox 721 1931 874 2007; x_wconf 84' lang='lat' dir='ltr'><em>praecipue</em></span> <span class='ocrx_word' id='word_1_144' title='bbox 901 1931 950 1989; x_wconf 87' lang='lat' dir='ltr'><em>illa</em></span> <span class='ocrx_word' id='word_1_145' title='bbox 988 1931 1102 1990; x_wconf 82' lang='lat' dir='ltr'><em>Viribus</em></span> <span class='ocrx_word' id='word_1_146' title='bbox 1136 1931 1300 2006; x_wconf 57' lang='lat' dir='ltr'><em>ambiguum</em></span> 
     </span>
     <span class='ocr_line' id='line_1_18' title="bbox 250 2026 1300 2105; baseline 0 -19"><span class='ocrx_word' id='word_1_147' title='bbox 250 2030 379 2105; x_wconf 79' lang='lat' dir='ltr'><em>gemenas.</em></span> <span class='ocrx_word' id='word_1_148' title='bbox 420 2027 466 2085; x_wconf 88' lang='lat' dir='ltr'><em>Ea</em></span> <span class='ocrx_word' id='word_1_149' title='bbox 487 2026 633 2086; x_wconf 90' lang='lat' dir='ltr'><em>Bentleius</em></span> <span class='ocrx_word' id='word_1_150' title='bbox 657 2028 831 2087; x_wconf 83' lang='lat' dir='ltr'><em>emendabat</em></span> <span class='ocrx_word' id='word_1_151' title='bbox 853 2028 1007 2088; x_wconf 90' lang='lat' dir='ltr'><em>scribendo</em></span> <span class='ocrx_word' id='word_1_152' title='bbox 1029 2029 1144 2088; x_wconf 82' lang='lat' dir='ltr'><em>Vz&#39;rz&#39;bus</em></span> <span class='ocrx_word' id='word_1_153' title='bbox 1165 2028 1300 2104; x_wconf 83' lang='lat' dir='ltr'><em>ambigua</em></span> 
     </span>
     <span class='ocr_line' id='line_1_19' title="bbox 256 2125 1300 2203; baseline 0.001 -19"><span class='ocrx_word' id='word_1_154' title='bbox 256 2129 286 2184; x_wconf 86' lang='lat' dir='ltr'><em>in</em></span> <span class='ocrx_word' id='word_1_155' title='bbox 302 2127 431 2202; x_wconf 80' lang='lat' dir='ltr'><em>gcmznis,</em></span> <span class='ocrx_word' id='word_1_156' title='bbox 448 2125 476 2184; x_wconf 93' lang='lat' dir='ltr'><em>h.</em></span> <span class='ocrx_word' id='word_1_157' title='bbox 490 2144 515 2184; x_wconf 91' lang='lat' dir='ltr'><em>e.</em></span> <span class='ocrx_word' id='word_1_158' title='bbox 529 2125 604 2183; x_wconf 87' lang='lat' dir='ltr'><em>bella</em></span> <span class='ocrx_word' id='word_1_159' title='bbox 619 2126 799 2185; x_wconf 84' lang='lat' dir='ltr'><strong>morborum.</strong></span> <span class='ocrx_word' id='word_1_160' title='bbox 843 2126 927 2199; x_wconf 86' lang='lat' dir='ltr'><em>Quae</em></span> <span class='ocrx_word' id='word_1_161' title='bbox 942 2127 1106 2186; x_wconf 84' lang='lat' dir='ltr'><em>emendatio</em></span> <span class='ocrx_word' id='word_1_162' title='bbox 1127 2145 1181 2186; x_wconf 90' lang='lat' dir='ltr'><em>nec</em></span> <span class='ocrx_word' id='word_1_163' title='bbox 1201 2145 1254 2203; x_wconf 90' lang='lat' dir='ltr'><em>per</em></span> <span class='ocrx_word' id='word_1_164' title='bbox 1269 2145 1300 2185; x_wconf 91' lang='lat' dir='ltr'><em>se</em></span> 
     </span>
     <span class='ocr_line' id='line_1_20' title="bbox 255 2224 1300 2302; baseline 0.001 -20"><span class='ocrx_word' id='word_1_165' title='bbox 255 2224 421 2302; x_wconf 87' lang='lat' dir='ltr'><em>probabilis,</em></span> <span class='ocrx_word' id='word_1_166' title='bbox 435 2233 464 2282; x_wconf 91' lang='lat' dir='ltr'><em>et</em></span> <span class='ocrx_word' id='word_1_167' title='bbox 478 2233 543 2300; x_wconf 90' lang='lat' dir='ltr'><em>post</em></span> <span class='ocrx_word' id='word_1_168' title='bbox 557 2233 703 2300; x_wconf 87' lang='lat' dir='ltr'><em>repertum</em></span> <span class='ocrx_word' id='word_1_169' title='bbox 722 2224 810 2283; x_wconf 90' lang='lat' dir='ltr'><em>istum</em></span> <span class='ocrx_word' id='word_1_170' title='bbox 824 2224 1005 2285; x_wconf 91' lang='lat' dir='ltr'><em>dimidiatum</em></span> <span class='ocrx_word' id='word_1_171' title='bbox 1026 2243 1144 2285; x_wconf 90' lang='lat' dir='ltr'><em>uersum</em></span> <span class='ocrx_word' id='word_1_172' title='bbox 1162 2243 1224 2284; x_wconf 92' lang='lat' dir='ltr'><em>non</em></span> <span class='ocrx_word' id='word_1_173' title='bbox 1241 2225 1300 2283; x_wconf 90' lang='lat' dir='ltr'><em>iam</em></span> 
     </span>
     <span class='ocr_line' id='line_1_21' title="bbox 256 2321 1299 2400; baseline 0.001 -20"><span class='ocrx_word' id='word_1_174' title='bbox 256 2322 418 2382; x_wconf 86' lang='lat' dir='ltr'><em>necessaria</em></span> <span class='ocrx_word' id='word_1_175' title='bbox 450 2322 601 2380; x_wconf 91' lang='lat' dir='ltr'><em>inuenitur.</em></span> <span class='ocrx_word' id='word_1_176' title='bbox 647 2321 768 2380; x_wconf 89' lang='lat' dir='ltr'><em>Videtur</em></span> <span class='ocrx_word' id='word_1_177' title='bbox 795 2322 874 2381; x_wconf 89' lang='lat' dir='ltr'><em>enim</em></span> <span class='ocrx_word' id='word_1_178' title='bbox 903 2323 1044 2382; x_wconf 87' lang='lat' dir='ltr'><em>excidisse</em></span> <span class='ocrx_word' id='word_1_179' title='bbox 1072 2323 1210 2394; x_wconf 85' lang='lat' dir='ltr'><em>neutrale,</em></span> <span class='ocrx_word' id='word_1_180' title='bbox 1239 2341 1299 2400; x_wconf 91' lang='lat' dir='ltr'><em>quo</em></span> 
     </span>
     <span class='ocr_line' id='line_1_22' title="bbox 256 2417 1301 2499; baseline 0.002 -21"><span class='ocrx_word' id='word_1_181' title='bbox 256 2421 394 2480; x_wconf 82' lang='lat' dir='ltr'><em>reseratur</em></span> <span class='ocrx_word' id='word_1_182' title='bbox 407 2419 576 2494; x_wconf 58' lang='lat' dir='ltr'><em>ambiguum,</em></span> <span class='ocrx_word' id='word_1_183' title='bbox 590 2419 650 2478; x_wconf 93' lang='lat' dir='ltr'><em>siue</em></span> <span class='ocrx_word' id='word_1_184' title='bbox 659 2417 669 2448; x_wconf 84' lang='lat'>¹</span> <span class='ocrx_word' id='word_1_185' title='bbox 678 2438 769 2495; x_wconf 81' lang='lat' dir='ltr'><em>genus</em></span> <span class='ocrx_word' id='word_1_186' title='bbox 784 2419 843 2479; x_wconf 90' lang='lat' dir='ltr'><em>siue</em></span> <span class='ocrx_word' id='word_1_187' title='bbox 858 2428 961 2498; x_wconf 85' lang='lat' dir='ltr'><em>tempus</em></span> <span class='ocrx_word' id='word_1_188' title='bbox 975 2421 1036 2480; x_wconf 90' lang='lat' dir='ltr'><em>siue</em></span> <span class='ocrx_word' id='word_1_189' title='bbox 1050 2422 1120 2499; x_wconf 92' lang='lat' dir='ltr'><em>quid</em></span> <span class='ocrx_word' id='word_1_190' title='bbox 1133 2421 1301 2480; x_wconf 91' lang='lat' dir='ltr'><em>huiusmodi</em></span> 
     </span>
     <span class='ocr_line' id='line_1_23' title="bbox 257 2516 1302 2594; baseline 0.001 -18"><span class='ocrx_word' id='word_1_191' title='bbox 257 2517 318 2576; x_wconf 91' lang='lat' dir='ltr'><em>fuit.</em></span> <span class='ocrx_word' id='word_1_192' title='bbox 359 2517 418 2577; x_wconf 92' lang='lat' dir='ltr'><em>Sed</em></span> <span class='ocrx_word' id='word_1_193' title='bbox 435 2517 540 2576; x_wconf 85' lang='lat' dir='ltr'><em>eximie</em></span> <span class='ocrx_word' id='word_1_194' title='bbox 560 2516 708 2576; x_wconf 87' lang='lat' dir='ltr'><em>Bentleius</em></span> <span class='ocrx_word' id='word_1_195' title='bbox 722 2537 854 2594; x_wconf 87' lang='lat' dir='ltr'><em>casusque</em></span> <span class='ocrx_word' id='word_1_196' title='bbox 867 2520 960 2594; x_wconf 65' lang='lat' dir='ltr'><em>decane</em></span> <span class='ocrx_word' id='word_1_197' title='bbox 974 2519 1118 2578; x_wconf 91' lang='lat' dir='ltr'><em>scribebat</em></span> <span class='ocrx_word' id='word_1_198' title='bbox 1137 2518 1302 2579; x_wconf 91' lang='lat' dir='ltr'><em>secundum</em></span> 
     </span>
     <span class='ocr_line' id='line_1_24' title="bbox 257 2615 1302 2691; baseline 0.003 -17"><span class='ocrx_word' id='word_1_199' title='bbox 257 2615 328 2675; x_wconf 89' lang='lat' dir='ltr'><em>Met.</em></span> <span class='ocrx_word' id='word_1_200' title='bbox 350 2616 406 2674; x_wconf 90' lang='lat' dir='ltr'><em>xiv.</em></span> <span class='ocrx_word' id='word_1_201' title='bbox 432 2618 486 2673; x_wconf 83' lang='lat'><em>162</em></span> <span class='ocrx_word' id='word_1_202' title='bbox 508 2616 602 2691; x_wconf 87' lang='lat' dir='ltr'><em>quite</em></span> <span class='ocrx_word' id='word_1_203' title='bbox 622 2635 737 2673; x_wconf 88' lang='lat' dir='ltr'><em>casusne</em></span> <span class='ocrx_word' id='word_1_204' title='bbox 758 2617 856 2674; x_wconf 87' lang='lat' dir='ltr'><em>deusne</em></span> <span class='ocrx_word' id='word_1_205' title='bbox 877 2616 988 2690; x_wconf 85' lang='lat' dir='ltr'><em>Seruat,</em></span> <span class='ocrx_word' id='word_1_206' title='bbox 1011 2617 1235 2676; x_wconf 72' lang='lat' dir='ltr'><em>Achaemenide?</em></span> <span class='ocrx_word' id='word_1_207' title='bbox 1255 2618 1302 2677; x_wconf 89' lang='lat' dir='ltr'><em>cui</em></span> 
     </span>
     <span class='ocr_line' id='line_1_25' title="bbox 257 2712 1302 2792; baseline 0.001 -19"><span class='ocrx_word' id='word_1_208' title='bbox 257 2712 454 2773; x_wconf 90' lang='lat' dir='ltr'><em>emendationi</em></span> <span class='ocrx_word' id='word_1_209' title='bbox 489 2731 550 2772; x_wconf 92' lang='lat' dir='ltr'><em>non</em></span> <span class='ocrx_word' id='word_1_210' title='bbox 577 2713 763 2790; x_wconf 87' lang='lat' dir='ltr'><em>praetulerim</em></span> <span class='ocrx_word' id='word_1_211' title='bbox 791 2713 891 2773; x_wconf 89' lang='lat' dir='ltr'><em>Iacobi</em></span> <span class='ocrx_word' id='word_1_212' title='bbox 925 2715 1116 2775; x_wconf 90' lang='lat' dir='ltr'><em>coniecturam</em></span> <span class='ocrx_word' id='word_1_213' title='bbox 1150 2735 1302 2792; x_wconf 84' lang='lat' dir='ltr'><em>causaeque</em></span> 
     </span>
     <span class='ocr_line' id='line_1_26' title="bbox 258 2809 1301 2890; baseline 0.002 -20"><span class='ocrx_word' id='word_1_214' title='bbox 258 2809 360 2890; x_wconf 81' lang='lat' dir='ltr'><em>(Celso</em></span> <span class='ocrx_word' id='word_1_215' title='bbox 378 2830 464 2869; x_wconf 84' lang='lat' dir='ltr'><em>causa</em></span> <span class='ocrx_word' id='word_1_216' title='bbox 484 2812 603 2870; x_wconf 87' lang='lat' dir='ltr'><strong>morbus</strong></span> <span class='ocrx_word' id='word_1_217' title='bbox 622 2821 665 2870; x_wconf 87' lang='lat' dir='ltr'><em>est</em></span> <span class='ocrx_word' id='word_1_218' title='bbox 686 2811 724 2870; x_wconf 91' lang='lat' dir='ltr'><em>iii.</em></span> <span class='ocrx_word' id='word_1_219' title='bbox 743 2831 761 2887; x_wconf 76' lang='lat'><em>3</em></span> <span class='ocrx_word' id='word_1_220' title='bbox 779 2812 845 2871; x_wconf 83' lang='lat' dir='ltr'><em>haec</em></span> <span class='ocrx_word' id='word_1_221' title='bbox 867 2815 974 2888; x_wconf 70' lang='lat' dir='ltr'><em>quadem</em></span> <span class='ocrx_word' id='word_1_222' title='bbox 992 2816 1071 2872; x_wconf 86' lang='lat' dir='ltr'><em>sanis</em></span> <span class='ocrx_word' id='word_1_223' title='bbox 1072 2814 1214 2890; x_wconf 71' lang='lat' dir='ltr'><em>facienda</em></span> <span class='ocrx_word' id='word_1_224' title='bbox 1227 2821 1301 2884; x_wconf 88' lang='lat' dir='ltr'><em>sunt,</em></span> 
     </span>
     <span class='ocr_line' id='line_1_27' title="bbox 257 2909 1302 2989; baseline 0.003 -23"><span class='ocrx_word' id='word_1_225' title='bbox 257 2916 363 2967; x_wconf 87' lang='lat' dir='ltr'><em>tantum</em></span> <span class='ocrx_word' id='word_1_226' title='bbox 373 2929 487 2967; x_wconf 88' lang='lat' dir='ltr'><em>cansam</em></span> <span class='ocrx_word' id='word_1_227' title='bbox 496 2911 682 2982; x_wconf 84' lang='lat' dir='ltr'><em>metuentibus,</em></span> <span class='ocrx_word' id='word_1_228' title='bbox 694 2910 731 2968; x_wconf 89' lang='lat' dir='ltr'><em>iii.</em></span> <span class='ocrx_word' id='word_1_229' title='bbox 742 2928 757 2967; x_wconf 85' lang='lat'><em>2</em></span> <span class='ocrx_word' id='word_1_230' title='bbox 767 2911 849 2968; x_wconf 61' lang='lat' dir='ltr'><em>ctiaccecv</em></span> <span class='ocrx_word' id='word_1_231' title='bbox 857 2913 945 2970; x_wconf 86' lang='lat' dir='ltr'><em>amnis</em></span> <span class='ocrx_word' id='word_1_232' title='bbox 955 2931 1054 2970; x_wconf 87' lang='lat' dir='ltr'><em>causac</em></span> <span class='ocrx_word' id='word_1_233' title='bbox 1062 2919 1150 2970; x_wconf 86' lang='lat' dir='ltr'><em>motus</em></span> <span class='ocrx_word' id='word_1_234' title='bbox 1151 2909 1302 2989; x_wconf 82' lang='lat' dir='ltr'><em>fimatur),</em></span> 
     </span>
     <span class='ocr_line' id='line_1_28' title="bbox 258 3004 1301 3088; baseline 0.005 -24"><span class='ocrx_word' id='word_1_235' title='bbox 258 3025 314 3066; x_wconf 92' lang='lat' dir='ltr'><em>nec</em></span> <span class='ocrx_word' id='word_1_236' title='bbox 342 3006 481 3065; x_wconf 88' lang='lat' dir='ltr'><em>Italorum</em></span> <span class='ocrx_word' id='word_1_237' title='bbox 510 3004 546 3084; x_wconf 86' lang='lat' dir='ltr'><em>(si</em></span> <span class='ocrx_word' id='word_1_238' title='bbox 576 3006 665 3066; x_wconf 92' lang='lat' dir='ltr'><em>modo</em></span> <span class='ocrx_word' id='word_1_239' title='bbox 689 3005 754 3086; x_wconf 79' lang='lat' dir='ltr'><em>fuit)</em></span> <span class='ocrx_word' id='word_1_240' title='bbox 779 3010 879 3085; x_wconf 79' lang='lat' dir='ltr'><em>deeque,</em></span> <span class='ocrx_word' id='word_1_241' title='bbox 902 3027 970 3068; x_wconf 91' lang='lat' dir='ltr'><em>cum</em></span> <span class='ocrx_word' id='word_1_242' title='bbox 994 3009 1088 3068; x_wconf 87' lang='lat' dir='ltr'><em>febres</em></span> <span class='ocrx_word' id='word_1_243' title='bbox 1116 3010 1301 3088; x_wconf 86' lang='lat' dir='ltr'><em>quotidianae</em></span> 
     </span>
     <span class='ocr_line' id='line_1_29' title="bbox 258 3105 892 3180; baseline 0.003 -16"><span class='ocrx_word' id='word_1_244' title='bbox 258 3105 397 3164; x_wconf 89' lang='lat' dir='ltr'><em>tertianae</em></span> <span class='ocrx_word' id='word_1_245' title='bbox 413 3114 572 3180; x_wconf 88' lang='lat' dir='ltr'><em>quartanae</em></span> <span class='ocrx_word' id='word_1_246' title='bbox 587 3124 623 3163; x_wconf 88' lang='lat' dir='ltr'><em>ex</em></span> <span class='ocrx_word' id='word_1_247' title='bbox 638 3106 739 3164; x_wconf 91' lang='lat' dir='ltr'><em>diebus</em></span> <span class='ocrx_word' id='word_1_248' title='bbox 754 3106 892 3166; x_wconf 89' lang='lat' dir='ltr'><em>dicantur.</em></span> 
     </span>
     <span class='ocr_line' id='line_1_30' title="bbox 299 3191 835 3278; baseline 0.004 -18"><span class='ocrx_word' id='word_1_249' title='bbox 299 3202 338 3261; x_wconf 92' lang='lat' dir='ltr'><em>II.</em></span> <span class='ocrx_word' id='word_1_250' title='bbox 353 3215 493 3278; x_wconf 85' lang='lat'><strong>905-910</strong></span> <span class='ocrx_word' id='word_1_251' title='bbox 508 3203 549 3261; x_wconf 93' lang='lat' dir='ltr'><em>sic</em></span> <span class='ocrx_word' id='word_1_252' title='bbox 563 3191 661 3262; x_wconf 67' lang='lat' dir='ltr'><em>citant</em></span> <span class='ocrx_word' id='word_1_253' title='bbox 674 3202 704 3260; x_wconf 91' lang='lat' dir='ltr'><em>in</em></span> <span class='ocrx_word' id='word_1_254' title='bbox 719 3201 835 3262; x_wconf 91' lang='lat' dir='ltr'><em>Gembl.</em></span> 
     </span>
    </p>

    <p class='ocr_par' dir='ltr' id='par_1_4' title="bbox 342 3299 1172 3379">
     <span class='ocr_line' id='line_1_31' title="bbox 342 3299 1172 3379; baseline 0.005 -21"><span class='ocrx_word' id='word_1_255' title='bbox 342 3299 400 3358; x_wconf 93' lang='lat' dir='ltr'><em>Sed</em></span> <span class='ocrx_word' id='word_1_256' title='bbox 420 3301 549 3359; x_wconf 91' lang='lat' dir='ltr'><em>medium</em></span> <span class='ocrx_word' id='word_1_257' title='bbox 570 3310 636 3376; x_wconf 88' lang='lat' dir='ltr'><em>post</em></span> <span class='ocrx_word' id='word_1_258' title='bbox 657 3311 733 3359; x_wconf 86' lang='lat' dir='ltr'><em>astra</em></span> <span class='ocrx_word' id='word_1_259' title='bbox 756 3302 834 3360; x_wconf 87' lang='lat' dir='ltr'><em>diem</em></span> <span class='ocrx_word' id='word_1_260' title='bbox 854 3312 1026 3379; x_wconf 88' lang='lat' dir='ltr'><em>curuataque</em></span> <span class='ocrx_word' id='word_1_261' title='bbox 1047 3304 1172 3379; x_wconf 91' lang='lat' dir='ltr'><em>primum</em></span> 
     </span>
    </p>

    <p class='ocr_par' dir='ltr' id='par_1_5' title="bbox 340 3398 1060 3459">
     <span class='ocr_line' id='line_1_32' title="bbox 340 3398 1060 3459; baseline 0.003 -2"><span class='ocrx_word' id='word_1_262' title='bbox 340 3398 474 3458; x_wconf 90' lang='lat' dir='ltr'><em>Culmina</em></span> <span class='ocrx_word' id='word_1_263' title='bbox 495 3398 620 3456; x_wconf 90' lang='lat' dir='ltr'><em>nutantis</em></span> <span class='ocrx_word' id='word_1_264' title='bbox 641 3416 756 3457; x_wconf 92' lang='lat' dir='ltr'><em>summo</em></span> <span class='ocrx_word' id='word_1_265' title='bbox 777 3400 814 3458; x_wconf 92' lang='lat' dir='ltr'><em>de</em></span> <span class='ocrx_word' id='word_1_266' title='bbox 835 3401 939 3459; x_wconf 86' lang='lat' dir='ltr'><em>uertice</em></span> <span class='ocrx_word' id='word_1_267' title='bbox 962 3402 1060 3459; x_wconf 90' lang='lat' dir='ltr'><em>mundi</em></span> 
     </span>
    </p>

    <p class='ocr_par' dir='ltr' id='par_1_6' title="bbox 341 3495 1145 3574">
     <span class='ocr_line' id='line_1_33' title="bbox 341 3495 1145 3574; baseline 0.007 -20"><span class='ocrx_word' id='word_1_268' title='bbox 341 3495 466 3555; x_wconf 87' lang='lat' dir='ltr'><em>Aethera</em></span> <span class='ocrx_word' id='word_1_269' title='bbox 487 3496 600 3573; x_wconf 90' lang='lat' dir='ltr'><em>phebus</em></span> <span class='ocrx_word' id='word_1_270' title='bbox 620 3506 670 3555; x_wconf 87' lang='lat' dir='ltr'><em>aut</em></span> <span class='ocrx_word' id='word_1_271' title='bbox 691 3498 745 3556; x_wconf 90' lang='lat' dir='ltr'><em>sub</em></span> <span class='ocrx_word' id='word_1_272' title='bbox 766 3516 883 3574; x_wconf 92' lang='lat' dir='ltr'><em>quoque</em></span> <span class='ocrx_word' id='word_1_273' title='bbox 904 3517 1026 3574; x_wconf 88' lang='lat' dir='ltr'><em>corpora</em></span> <span class='ocrx_word' id='word_1_274' title='bbox 1047 3510 1145 3560; x_wconf 86' lang='lat' dir='ltr'><em>nostra</em></span> 
     </span>
    </p>

    <p class='ocr_par' dir='ltr' id='par_1_7' title="bbox 340 3594 1077 3656">
     <span class='ocr_line' id='line_1_34' title="bbox 340 3594 1077 3656; baseline 0.004 -4"><span class='ocrx_word' id='word_1_275' title='bbox 340 3594 508 3652; x_wconf 90' lang='lat' dir='ltr'><em>Decemuut</em></span> <span class='ocrx_word' id='word_1_276' title='bbox 529 3595 598 3653; x_wconf 87' lang='lat' dir='ltr'><em>uitia</em></span> <span class='ocrx_word' id='word_1_277' title='bbox 618 3605 646 3652; x_wconf 93' lang='lat' dir='ltr'><em>et</em></span> <span class='ocrx_word' id='word_1_278' title='bbox 666 3594 810 3654; x_wconf 83' lang='lat' dir='ltr'><em>fortunam</em></span> <span class='ocrx_word' id='word_1_279' title='bbox 832 3615 869 3656; x_wconf 84' lang='lat' dir='ltr'><em>ex</em></span> <span class='ocrx_word' id='word_1_280' title='bbox 889 3597 997 3655; x_wconf 92' lang='lat' dir='ltr'><em>uiribus</em></span> <span class='ocrx_word' id='word_1_281' title='bbox 1017 3597 1077 3656; x_wconf 90' lang='lat' dir='ltr'><em>eius</em></span> 
     </span>
    </p>

    <p class='ocr_par' dir='ltr' id='par_1_8' title="bbox 341 3693 1116 3774">
     <span class='ocr_line' id='line_1_35' title="bbox 341 3693 1116 3774; baseline 0.006 -22"><span class='ocrx_word' id='word_1_282' title='bbox 341 3695 537 3770; x_wconf 77' lang='lat' dir='ltr'><em>concupiunt,</em></span> <span class='ocrx_word' id='word_1_283' title='bbox 561 3693 632 3752; x_wconf 92' lang='lat' dir='ltr'><em>deus</em></span> <span class='ocrx_word' id='word_1_284' title='bbox 652 3693 697 3752; x_wconf 94' lang='lat' dir='ltr'><em>ille</em></span> <span class='ocrx_word' id='word_1_285' title='bbox 718 3695 800 3754; x_wconf 93' lang='lat' dir='ltr'><em>locus</em></span> <span class='ocrx_word' id='word_1_286' title='bbox 821 3698 875 3755; x_wconf 89' lang='lat' dir='ltr'><em>sub</em></span> <span class='ocrx_word' id='word_1_287' title='bbox 896 3699 1013 3756; x_wconf 92' lang='lat' dir='ltr'><em>nomine</em></span> <span class='ocrx_word' id='word_1_288' title='bbox 1035 3699 1116 3774; x_wconf 85' lang='lat' dir='ltr'><em>graio</em></span> 
     </span>
    </p>
   </div>
   <div class='ocr_carea' id='block_1_4' title="bbox 341 3792 1006 3958">
    <p class='ocr_par' dir='ltr' id='par_1_9' title="bbox 341 3792 1006 3958">
     <span class='ocr_line' id='line_1_36' title="bbox 341 3792 460 3853; baseline 0.017 -3"><span class='ocrx_word' id='word_1_289' title='bbox 341 3792 460 3853; x_wconf 87' lang='lat' dir='ltr'><em>Dicitur.</em></span> 
     </span>
     <span class='ocr_line' id='line_1_37' title="bbox 587 3888 1006 3958; baseline 0.01 -19"><span class='ocrx_word' id='word_1_290' title='bbox 587 3888 596 3916; x_wconf 83' lang='lat'><strong>¹</strong></span> <span class='ocrx_word' id='word_1_291' title='bbox 613 3889 702 3941; x_wconf 85' lang='lat' dir='ltr'><em>Fuitne</em></span> <span class='ocrx_word' id='word_1_292' title='bbox 717 3891 1006 3958; x_wconf 82' lang='lat' dir='ltr'><em>Tabificutnqucgenus?</em></span> 
     </span>
    </p>
   </div>
   <div class='ocr_carea' id='block_1_5' title="bbox 0 0 1392 4448">
    <p class='ocr_par' dir='ltr' id='par_1_10' title="bbox 0 0 1392 4448">
     <span class='ocr_line' id='line_1_38' title="bbox 0 0 1392 4448; baseline 0 0"><span class='ocrx_word' id='word_1_293' title='bbox 0 0 1392 4448; x_wconf 95' lang='lat' dir='ltr'><em> </em></span> 
     </span>
    </p>
   </div>
  </div>
 </body>
</html>
