2760 4448
171 269 232 333 128
480 279 629 331 noerius
649 278 898 330 Mnnrrrannu

160 441 291 515 peritiam
304 436 434 496 caussas’
447 440 648 514 ritterprelatus.
680 438 735 497 Per
748 456 854 515 paruas
867 454 976 515 pausas
984 435 1213 496 Bonr'ncontrr'ur.

168 535 284 614 Proque
310 538 378 595 artis
406 538 500 596 causis
527 538 678 596 Bentlerirs.
720 537 833 613 Perque
861 537 929 595 artis
957 554 1060 595 causas
1088 534 1216 593 Iacobus.

168 634 282 711 Perque
296 636 372 711 paris
385 654 488 694 causas
504 637 550 694 uel
560 654 643 695 casus
653 618 712 712 ¹ego.
734 629 736 634 ’
754 652 812 710 434
828 631 865 716 si]
880 636 921 695 sic
942 634 1075 694 Vossr'ani
1085 634 1121 692 sit
1135 634 1216 709 szr.

208 732 350 793 Disseruit
378 751 471 809 nuper
499 734 534 792 de
561 733 606 792 his
634 751 682 791 uu.
705 732 849 792 Breiterns
875 733 906 790 in
929 732 1109 792 Fleckeiseni
1138 730 1217 790 Nou.

168 831 274 891 Annal.
298 830 400 890 Philol.
425 833 494 890 anni
522 836 598 907 1889
627 851 656 909 p.
683 837 750 905 850.
807 832 852 890 lbi
880 832 978 891 locum
1005 832 1046 890 sic
1075 830 1217 906 refingere

167 930 260 989 uoluit

292 1027 349 1087 Sed
371 1029 436 1106 quis
456 1038 498 1087 tot
519 1046 656 1087 numeros
676 1027 783 1088 totiens
803 1028 859 1086 sub
879 1027 944 1104 lege
965 1027 1078 1099 referre,

292 1126 354 1185 Tot
374 1127 462 1204 partis
483 1127 583 1188 iterare
605 1136 700 1203 queat,
721 1136 764 1186 tot
784 1127 892 1186 discere
913 1144 1044 1186 summas

211 1244 269 1300 433
292 1223 347 1284 Per
361 1226 450 1301 partis
471 1227 594 1285 causas?
621 1224 725 1284 faciem
746 1235 858 1284 mutare
878 1224 1016 1302 loquendi

291 1323 458 1400 Incipimus,
480 1324 505 1382 si
525 1324 615 1382 uerba
634 1323 733 1400 piget?
762 1323 814 1383 sed
834 1323 927 1399 gratia
949 1322 1055 1393 deerit,-

291 1421 328 1479 In
348 1440 517 1498 uanumque
539 1421 619 1481 labor
639 1421 725 1493 cedit,
742 1439 830 1498 quem
852 1421 973 1498 despicit
993 1420 1077 1479 auris.

168 1517 230 1578 Per
242 1521 339 1596 partri·
352 1539 388 1578 ex
403 1519 442 1578 11.
460 1522 516 1594 769
532 1519 593 1578 Per
606 1526 705 1595 portes
718 1520 839 1577 ducenda
852 1520 930 1596 fides
943 1518 1082 1595 explicat:
1104 1524 1146 1577 tot
1159 1537 1216 1594 432

169 1636 236 1676 cum
257 1618 318 1675 Per
333 1620 429 1693 partis
449 1619 548 1689 struit;
570 1637 639 1693 433,
663 1636 680 1690 4
702 1617 760 1676 hoc
781 1626 862 1694 putat
883 1617 1063 1694 significare,
1086 1617 1111 1675 si
1136 1617 1219 1694 piget

169 1715 279 1773 mutar'e
303 1717 393 1774 uerba
420 1734 472 1792 per
499 1734 573 1793 quae
602 1733 648 1775 ars
676 1715 841 1774 enuntiatur
867 1715 1088 1791 astrologorum,
1117 1733 1218 1775 nonne

169 1813 263 1873 soluto
277 1814 378 1872 saltem
399 1832 541 1884 sermone,
556 1812 619 1872 h.e.
633 1831 721 1889 prosa
742 1814 881 1885 oratione,
900 1814 1024 1873 scribere
1042 1814 1218 1890 permissum

167 1914 231 1971 est?
273 1911 442 1988 Perplexius
457 1909 612 1970 Manilium
627 1911 784 1989 scripsisse,
800 1912 824 1970 si
838 1911 895 1970 hoc
910 1911 1085 1988 significarit,
1102 1930 1217 1989 queror.

168 2009 198 2068 N
199 2028 247 2068 arn
257 2019 314 2068 uta
326 2029 382 2085 432
393 2011 538 2086 incipiam,
548 2010 612 2087 quis
623 2028 684 2068 non
694 2029 818 2068 summor
829 2010 1000 2069 substantiui
1012 2010 1078 2069 loco
1088 2010 1218 2086 positum

168 2109 274 2180 credat,
296 2126 363 2167 cum
385 2108 442 2166 iarn
466 2107 496 2166 in
520 2127 557 2166 eo
582 2108 617 2166 sit
639 2117 727 2185 poeta
750 2108 925 2185 utsingulis
950 2107 980 2165 in
1004 2108 1094 2183 signis
1119 2117 1219 2184 partes

168 2217 317 2265 recenseat
330 2207 434 2265 noxias
448 2224 465 2265 a
480 2207 572 2282 prima
586 2206 624 2264 ad
638 2205 837 2282 trigesimam?
870 2205 955 2278 Quae
970 2224 1037 2265 curn
1052 2206 1082 2264 in
1097 2205 1218 2282 singulis

168 2305 225 2363 sint
246 2305 386 2376 diuersae,
405 2306 512 2363 mirum
534 2316 676 2380 quantum
699 2323 730 2363 se
750 2313 839 2381 poeta
858 2304 971 2363 torserit
992 2321 1042 2363 eas
1063 2303 1145 2362 uarie
1166 2322 1218 2362 ex·

168 2404 318 2481 posittuus
360 2403 429 2462 Hoc
451 2404 624 2480 praeuidens
645 2413 728 2479 rogat
748 2405 811 2479 quir
831 2410 871 2460 tot
889 2422 1018 2461 numeros
1041 2404 1157 2479 referre,
1180 2390 1242 2461 121Ι

162 2508 262 2579 parter
271 2505 381 2575 eierare,
396 2509 436 2560 tot
447 2521 571 2560 summas
584 2503 673 2560 dicere
684 2505 789 2578 queat?
829 2500 894 2560 Nec
911 2502 1035 2560 multum
1049 2500 1145 2578 placet
1154 2500 1218 2559 Per

161 2603 259 2676 partr'r
272 2611 339 2677 post
357 2601 409 2658 Tot
415 2602 510 2676 partis
524 2601 667 2672 iteratum,
676 2618 731 2659 nec
740 2598 898 2676 Incr'pr'mur
912 2617 967 2678 pro
981 2617 1017 2659 eo
1031 2598 1111 2678 quod
1128 2608 1173 2658 est
1187 2599 1219 2656 in

168 2699 318 2757 codicibus
331 2698 497 2756 Incz'dz'mus.

210 2797 311 2874 Itaque
329 2797 427 2855 Iacobi
449 2797 623 2856 sententiam
643 2795 783 2873 praefero,
801 2798 891 2856 uerba
904 2796 967 2854 Per
980 2797 1078 2872 patrr's
1091 2793 1217 2873 (partas,

161 2893 288 2974 paruos)
315 2914 416 2953 causas
442 2904 503 2954 arte
531 2914 599 2954 cum
627 2896 813 2971 sequentibus
841 2894 1053 2972 coniungentis,
1077 2893 1122 2953 his
1150 2894 1219 2954 dico

155 2994 267 3071 sacr'em
282 2999 389 3050 mutare
402 2995 535 3069 loquendi.
569 2993 606 3051 In
621 2994 726 3071 quibus
740 2994 828 3054 latere
842 2994 973 3071 suspicor
986 2995 1123 3065 ἀντίθετον,
1132 2993 1218 3070 quale

167 3082 294 3149 efficeret
317 3090 429 3166 Perque
452 3091 529 3167 paris
553 3112 654 3150 causor
669 3092 780 3169 sacr'em
809 3104 920 3152 mutare
945 3092 1077 3168 loquendi
1096 3091 1125 3150 h.
1139 3110 1165 3150 e.
1187 3092 1218 3150 in

166 3188 348 3247 recensendo
363 3207 437 3264 quae
452 3207 567 3267 semper
581 3190 684 3248 similia
698 3200 765 3248 sunt
778 3191 945 3250 uarietatem
960 3210 997 3250 ex
1012 3189 1098 3249 nouis
1112 3190 1219 3262 uerbis,

168 3304 264 3363 neque
289 3286 392 3345 eodem
414 3305 526 3364 semper
547 3307 683 3348 sermone
708 3287 819 3346 inferre.
863 3287 975 3347 Causas
996 3288 1063 3348 dicit
1084 3307 1160 3365 quae
1181 3307 1218 3348 ex

167 3386 251 3443 astris
270 3384 406 3462 pendent,
422 3387 500 3446 unde
521 3388 699 3464 proueniunt
719 3387 838 3446 effectus
853 3386 954 3463 quales
973 3397 1040 3445 sunt
1058 3387 1120 3446 sine
1135 3387 1218 3464 fruge

167 3482 267 3554 creari,
283 3491 332 3541 aut
346 3483 457 3555 cadere,
472 3495 521 3544 aut
535 3486 633 3545 multis
647 3485 753 3545 sentire
769 3487 848 3545 bona
861 3485 952 3543 mixta
967 3484 1100 3561 querellis
1114 3484 1210 3565 (429).

209 3600 236 3640 u.
262 3600 321 3656 434
347 3583 530 3641 retinendum
555 3602 663 3642 censeo
688 3583 845 3641 Incrilirrrus
869 3586 900 3641 rr'
920 3583 1015 3655 uerba,
1030 3585 1129 3658 piget:
1155 3594 1218 3642 turn

169 3680 313 3738 subnectit
334 3679 411 3739 ‘Sed
432 3682 524 3756 gratia
545 3680 651 3740 deerit'
674 3682 757 3757 quasi
778 3700 879 3740 secum
902 3700 1027 3758 querens
1048 3699 1109 3739 non
1130 3700 1219 3758 posse

168 3777 332 3853 legentibus
351 3778 501 3838 conciliare
521 3796 594 3854 quae
615 3779 651 3837 de
671 3781 799 3855 partibus
821 3790 849 3838 et
869 3780 997 3838 numeris
1018 3780 1133 3850 scribat,
1149 3799 1219 3839 cum

169 3878 207 3933 ab
229 3877 344 3936 auribus
366 3887 543 3954 respuantur.
586 3876 700 3936 Locum
721 3878 762 3938 sic
781 3878 903 3953 Anglice
925 3888 1036 3939 uertas:
1059 3877 1141 3938 ‘who
1163 3897 1219 3937 can
