2760 4448
170 271 209 318 12
336 340 343 357 Ι
480 265 628 316 NOCTES
648 262 900 316 MANILIANAE

165 443 297 504 subiecto
311 442 429 502 habebit
445 442 475 501 id
495 442 575 522 quod
589 461 625 502 ex
640 445 731 520 reginis
746 442 902 520 suppletur,
919 441 959 501 ‘it
975 441 998 501 is
1017 441 1056 517 by
1070 438 1220 517 multiples

165 541 200 602 ol
220 526 283 621 2⁵(2
296 557 316 599 x
329 537 443 619 6:12)
457 539 519 600 that
532 540 581 600 the
599 541 707 601 Zodiac
724 541 749 600 is
766 541 853 600 made
871 537 930 617 up.'
973 539 1061 599 Hanc
1076 539 1220 614 interpre-

166 641 306 700 tationem
331 639 507 698 confirmant
530 640 621 698 uerba
645 657 673 699 u.
697 643 755 715 556
775 638 835 698 ·Bis
856 658 917 710 sex,
941 638 1078 697 redeunte
1102 654 1220 713 semper

166 750 254 817 poeta
268 739 306 798 ad
323 738 351 796 id
373 738 453 815 quod
470 737 501 795 in
520 747 618 796 mente
638 738 734 810 habet,
749 755 904 796 numerum
921 736 1074 809 binarium,
1090 752 1220 812 cumque

166 836 223 897 hoc
246 837 445 910 coniunctum,
460 846 492 895 ut
505 836 536 894 in
550 836 690 908 Zodiaco‚
704 836 858 895 senarium.

197 935 348 1012 lnce

288 1033 421 1094 Circulus
442 1052 460 1093 a
481 1052 598 1094 summo
619 1042 788 1092 nascentem
808 1032 915 1092 uertice
935 1030 1077 1090 mundum

287 1131 421 1192 Penneat
440 1133 629 1211 Artophilaca
649 1140 751 1209 petens
772 1151 824 1210 per
845 1129 925 1208 ter'ga
946 1130 1089 1190 draconis.

207 1299 265 1371 565
287 1306 427 1374 potense.
525 1244 628 1374 pitens
641 1294 666 1354 b.

165 1393 271 1472 Spuria
292 1395 365 1455 haec
387 1414 451 1455 esse
473 1413 527 1455 nec
551 1393 712 1453 Maniliana
737 1393 916 1453 demonstrat
936 1392 1125 1469 Artephiloca
1146 1410 1216 1470 pro-

165 1496 253 1554 ducta
266 1495 433 1572 penultima.
476 1493 534 1554 Sed
548 1503 646 1553 tamen
665 1503 697 1552 ut
712 1494 750 1552 ab
768 1492 971 1570 interpolatore
989 1491 1119 1569 profecta
1138 1502 1217 1563 sunt,

165 1593 207 1653 sic
226 1594 314 1652 credo
329 1592 481 1652 scribenda
496 1611 559 1652 esse

288 1690 419 1750 Circulus
440 1709 458 1749 a
479 1708 595 1750 summo
616 1699 786 1749 nascentem
807 1689 915 1749 uertice
936 1689 1042 1747 mundi
1092 1763 1093 1767 Ἰ

287 1788 421 1848 Permeat
441 1788 653 1866 Arctophylaca
673 1799 777 1865 patens
797 1807 850 1866 per
870 1798 951 1863 terga
971 1787 1125 1846 Draconis

206 1887 389 1963 inemo

288 1985 537 2064 Quandoquidem
559 1986 631 2045 sexti
652 2004 711 2062 quo
732 1995 809 2046 totus
830 1986 957 2046 uoluitur
978 1985 1057 2045 orbis

287 2085 350 2144 Fila
370 2085 486 2143 trahunt
507 2085 555 2144 alti
577 2103 694 2144 cursum
715 2085 883 2144 comitantia
903 2085 984 2144 caeli.

207 2182 254 2243 Sic
271 2182 388 2243 Gembl.
434 2181 529 2242 Ceteri
546 2183 663 2243 codices
677 2183 719 2243 sic
733 2186 847 2242 uariant

206 2297 264 2358 599
286 2282 358 2340 sexti
372 2282 454 2340 elzizm
465 2282 622 2357 Lipsiensis
636 2291 718 2340 sexto
735 2281 867 2340 Vossiani
876 2279 964 2352 ambo,
975 2280 1023 2352 be,
1034 2286 1061 2338 et
1071 2278 1213 2352 cusanus,

163 2390 243 2440 texto
265 2379 394 2457 Scaliger
415 2390 496 2439 textu
518 2379 619 2456 Ferus
643 2379 714 2438 secti
738 2397 796 2456 qua
816 2378 959 2438 Bentlezies
986 2379 1058 2438 texti
1084 2378 1215 2438 Iacobus.

165 2481 224 2537 600
244 2479 353 2537 circum
374 2479 475 2536 cedices
489 2485 603 2554 praeter
627 2477 731 2538 Gembl.
751 2484 777 2535 ei
799 2477 865 2538 Cus.
888 2495 1008 2537 curcum
1031 2476 1098 2536 Cur.

205 2575 294 2636 Sexti
318 2576 379 2634 siue
407 2584 487 2635 sexto
514 2585 683 2653 corruptum
711 2595 775 2636 esse
803 2595 839 2635 ex
867 2577 943 2635 texti
968 2576 1029 2634 siue
1053 2581 1128 2635 texte
1153 2577 1215 2635 iam

165 2674 292 2750 Scaliger
306 2674 453 2745 intellexit,
468 2685 639 2751 comparato
658 2677 716 2749 556
732 2672 843 2754 (signa)
856 2673 913 2733 Bis
929 2694 983 2732 sex
999 2675 1113 2749 aequali
1122 2677 1215 2750 spelei>

163 2774 285 2832 texeniia
306 2774 420 2831 caelum.
447 2772 486 2830 Et
507 2772 697 2850 adstipulatur
718 2773 852 2847 Iacobus,
874 2791 942 2832 cum
955 2773 1014 2850 fila
1034 2790 1153 2849 quoque
1174 2773 1215 2832 ad

163 2871 291 2930 eundem
312 2880 429 2947 tropum
452 2869 597 2930 referatur.
649 2870 720 2930 Non
743 2870 790 2931 hic
816 2871 978 2931 audiendus
998 2880 1042 2930 est
1063 2869 1214 2930 Bentleius

162 2969 261 3028 locum
275 2969 320 3027 bis
334 2985 533 3045 cormmpens,
544 2987 614 3027 nam
628 2987 684 3029 nec
696 2972 765 3028 secti
775 2988 829 3029 nec
843 2989 899 3046 qua
913 2988 1015 3028 uerum
1030 2979 1214 3046 potestesse.

162 3067 271 3143 Aperte
296 3065 434 3125 Manilius
455 3066 528 3125 duas
549 3085 596 3126 res
615 3066 663 3127 hic
682 3067 864 3144 significauit,
887 3066 933 3149 (1)
955 3068 1078 3128 circulos
1106 3068 1213 3127 eadem

162 3153 277 3225 textura
297 3173 327 3224 et
347 3164 429 3241 quasi
450 3163 500 3223 filo
521 3183 586 3224 esse
606 3183 665 3241 quo
685 3166 765 3225 orbis
785 3166 873 3226 totius
893 3167 974 3239 caeli,
991 3164 1037 3246 (ε)
1058 3166 1113 3226 hos
1138 3167 1213 3226 caeli

162 3265 263 3324 orbem
274 3263 406 3323 comitari
421 3271 449 3322 et
463 3262 588 3323 eandem
602 3282 670 3323 cum
680 3265 761 3324 caelo
771 3266 993 3324 conuersionem
1005 3266 1122 3325 habere.
1153 3264 1213 3326 Sed

162 3365 192 3422 in
214 3381 250 3422 eo
271 3362 420 3439 scrupulus
437 3371 544 3433 manet,
559 3364 634 3421 texti
649 3381 688 3421 an
706 3368 782 3423 texto
797 3365 897 3440 reponi
915 3364 1028 3423 debeat.
1071 3363 1154 3423 Prius
1170 3364 1213 3425 ita

162 3462 258 3522 solum
269 3461 384 3520 retineri
394 3461 486 3537 possit
494 3461 518 3518 si
526 3480 562 3519 ex
573 3462 648 3520 texti
655 3461 692 3519 ad
702 3481 755 3538 que
766 3463 901 3539 suppleas
913 3463 942 3521 id
953 3463 1033 3540 quod
1043 3462 1212 3539 intelligitur

161 3566 245 3620 texto.
267 3559 376 3618 Durius
389 3558 426 3629 id,
437 3576 474 3616 ne
489 3558 584 3618 dicam
598 3559 717 3617 uetitum
733 3558 865 3621 Manilio.
890 3562 991 3638 Itaque
1003 3561 1212 3638 huncquoque

161 3658 260 3718 locum
283 3657 325 3716 eis
348 3656 442 3716 adicio
467 3674 526 3733 quo
551 3675 653 3716 uerum
675 3657 790 3721 Gembl.
813 3679 873 3720 non
898 3661 1035 3731 seruauit,
1059 3670 1213 3720 semarunt

162 3756 264 3834 reliqui
278 3755 411 3816 codices:
432 3761 507 3814 dexio
518 3756 683 3833 eodemque
697 3764 768 3816 letus
777 3769 820 3817 est
834 3759 909 3817 erbis
918 3759 967 3836 qui
982 3759 1108 3825 uoluitur
1121 3759 1211 3818 etiam

161 3855 258 3915 circuli
273 3855 332 3933 fila
352 3855 490 3914 trahunt:
516 3854 600 3933 ‘they
614 3874 664 3916 are
685 3857 798 3917 lonned
819 3857 853 3917 os
870 3857 918 3917 the
940 3876 1022 3917 same
1044 3868 1155 3917 texture
1177 3876 1212 3941 as
