2760 4448
672 288 720 340 ν.
757 316 759 321 ,
1151 287 1212 355 207

161 452 323 534 prolectam
343 447 508 522 aManilio,
523 447 585 510 siue
604 446 726 523 incuria,
748 448 810 511 siue
829 445 909 528 quod
927 445 1120 527 inperfectum
1138 463 1214 524 opus

162 551 316 630 reliquerit

168 703 171 711 ,
204 652 243 711 V.
261 649 399 725 659-661
417 647 458 708 sic
471 655 571 706 extant
586 646 616 705 in
631 645 748 706 Gembl.

287 748 357 808 Hoc
378 745 463 807 trahit
482 747 513 805 in
534 745 630 824 pelagi
652 746 737 805 cedes
757 753 787 804 et
807 743 929 805 uulnera
949 752 1037 805 notos

288 844 469 922 squamigeri
489 844 604 921 gregis:
633 843 757 904 extentis
778 844 912 921 laqueare
933 842 1111 921 profundum

287 944 411 1005 Retibus
431 953 460 1002 et
481 953 605 1020 pontum
625 943 728 1002 uinclis
749 946 892 1007 †armare
908 941 1059 1001 furentem.

206 1047 266 1120 659
280 1053 366 1103 natos
380 1042 396 1101 6
410 1040 630 1101 Bomiecontre’us
644 1051 731 1101 notos
745 1047 803 1101 cett.
836 1043 891 1101 661
906 1058 1018 1100 armare
1032 1041 1108 1101 codd.
1124 1059 1214 1100 omnes

163 1143 306 1202 furentem
319 1142 400 1217 Lt'ps.
419 1137 505 1200 Vosr.²
518 1149 690 1215 sequentem
711 1136 794 1198 Voss.¹
812 1138 909 1198 Caso
942 1138 1024 1198 Fert.
1039 1138 1164 1199 hamare.

207 1241 332 1300 Huetius
345 1257 460 1297 armare
473 1244 621 1314 sequentem
635 1237 676 1296 sic
695 1237 897 1314 interpretatus
915 1246 968 1296 est.
1009 1237 1106 1297 ‘Cum
1119 1238 1213 1315 pisca-

164 1348 243 1399 tores
263 1348 323 1398 rete
344 1337 468 1407 trahunt,
486 1335 663 1414 praecedunt
683 1335 747 1412 ipsi,
763 1344 822 1395 rete
844 1335 980 1413 sequitur.
1021 1335 1113 1413 Igitur
1132 1354 1214 1396 mare

164 1436 210 1496 his
228 1436 351 1497 uinculis
368 1445 412 1494 est
428 1433 508 1494 uelut
529 1444 673 1494 armatum
694 1433 731 1493 ad
752 1433 877 1511 piscium
897 1444 1065 1511 capturam:
1087 1453 1213 1512 sequens

164 1545 260 1595 autem
280 1533 439 1611 appellatur
460 1533 514 1589 καθ
535 1531 695 1606 lemnario,
715 1539 746 1590 ut
767 1531 910 1608 intelligas
930 1532 1018 1606 retia3
1039 1533 1095 1592 nisi
1116 1534 1213 1593 dicere

164 1632 250 1692 malis
271 1649 397 1708 sequens
419 1630 486 1702 dici,
507 1630 587 1708 quod
607 1648 675 1707 pars
696 1648 731 1688 ea
752 1631 848 1704 maris,
871 1649 948 1708 quae
969 1641 1081 1691 armata
1101 1634 1154 1707 est,
1177 1632 1213 1691 sit

164 1749 243 1809 pone
270 1724 444 1807 piscatores!
487 1727 579 1787 Aliter
603 1726 774 1788 Gronouius
798 1727 837 1787 ad
860 1727 952 1789 Plaut.
974 1728 1052 1790 Pers.
1073 1730 1090 1789 i.
1114 1750 1139 1790 a.
1165 1749 1214 1808 aa,

157 1835 276 1905 pontum
290 1847 405 1887 armore
419 1827 461 1887 sic
479 1826 630 1904 explicans
644 1827 771 1887 ‘retibus
789 1827 915 1887 inductis
933 1827 1070 1888 infestum
1088 1838 1213 1906 pontum

164 1927 285 1986 reddere
299 1925 443 2003 piscibus!
485 1924 674 1985 Artificiosius
695 1935 832 2002 uterque;
853 1936 1007 2004 potestque
1026 1946 1129 1987 uerum
1147 1947 1213 1989 esse

164 2033 263 2085 artare
277 2024 357 2106 quod
370 2023 448 2085 coni.
464 2023 600 2100 Scaliger,
615 2033 786 2101 receperunt
800 2024 949 2084 Bentleius
969 2024 1164 2087 Marklandus
1183 2037 1213 2087 et

165 2124 302 2195 Iacobus,
314 2122 399 2181 simul
413 2131 445 2181 ut
447 2122 593 2201 florentem
604 2121 789 2200 praeferrent.
816 2123 856 2183 At
867 2124 962 2183 nullus
972 2124 1019 2185 hic
1031 2124 1113 2186 locus
1123 2126 1213 2187 furori

165 2223 263 2294 maris,
279 2239 368 2299 quem
387 2239 426 2281 ne
447 2220 555 2280 retibus
577 2221 696 2298 quidem
717 2222 820 2282 inclusi
841 2223 898 2282 loci
917 2223 1090 2301 prohibent;
1114 2225 1213 2302 itaque

163 2320 296 2399 praefero
316 2325 481 2395 sequentem:
500 2329 607 2397 pontus
628 2321 706 2380 enim
727 2321 837 2381 catenis
857 2322 936 2382 unde
957 2323 1028 2383 retia
1047 2322 1215 2400 dependent

164 2418 383 2490 circumclusus,
409 2412 539 2496 sequitur
566 2418 607 2478 sic
630 2418 789 2493 cludentes,
814 2438 904 2497 seque
931 2422 1007 2480 intra
1034 2422 1159 2499 spatium
1182 2421 1213 2481 id

166 2515 295 2577 cohiberi
309 2517 424 2594 patitur.
466 2516 534 2577 Hae
553 2526 673 2577 catenae
688 2519 749 2578 siue
763 2520 858 2578 αἰπεῖα
873 2519 968 2579 hamis
980 2520 1028 2580 uel
1041 2521 1125 2580 uncis
1139 2521 1214 2580 inter

165 2635 198 2676 se
219 2633 349 2675 conexae
369 2623 524 2692 propterea
548 2625 672 2693 pontum
696 2618 813 2676 domem
836 2618 970 2679 dicuntur
989 2623 1039 2680 ito
1063 2619 1125 2679 link
1144 2621 1214 2681 with

165 2713 268 2774 chains
281 2713 330 2772 the
345 2713 484 2773 obedient
497 2711 565 2774 sea'
1010 2725 1013 2731 '

206 2810 244 2872 V.
260 2815 330 2883 668,
346 2814 404 2888 669
420 2811 463 2871 sic
476 2821 576 2872 extant
590 2813 620 2872 in
634 2812 753 2875 Gembl.

286 2909 427 2979 †T0tum
449 2928 517 2970 eum
538 2921 600 2972 toto
621 2914 771 2974 iacuerunt
791 2914 873 2976 litore
894 2915 1021 2993 praedae

287 3008 386 3068 Altera
407 3008 438 3067 fit
459 3009 556 3071 caedis
577 3011 689 3072 caedes.

208 3108 266 3164 668
295 3105 408 3167 Totum
429 3108 557 3186 plerique
584 3109 698 3170 Tolum
726 3129 845 3190 quoque
875 3113 962 3172 Voss.l
987 3111 1068 3173 Tum
1095 3131 1214 3192 quoque

164 3203 258 3264 Bentl.
299 3208 358 3282 669
386 3207 421 3266 sit
445 3205 513 3268 Cur.
534 3208 613 3268 cedis
640 3209 742 3271 scedes
771 3210 857 3271 Voss.²
877 3211 959 3272 caedi
984 3211 1088 3272 caedes
1108 3213 1213 3290 Regio-

165 3309 321 3363 montanus.

208 3401 305 3461 Credo
326 3402 473 3482 scripsisse
495 3401 651 3464 Manilium
668 3406 772 3466 Allero
784 3408 829 3485 fit
846 3410 926 3468 caedi
940 3411 1039 3482 caedes,
1061 3409 1125 3469 h.e.
1146 3419 1214 3488 post

164 3499 286 3560 caedem
310 3501 400 3561 altera
423 3502 528 3562 caedes
552 3502 636 3564 huius
660 3506 742 3582 quasi
763 3507 910 3584 appendix
932 3508 971 3566 fit.
1013 3507 1145 3569 Graecus
1165 3509 1214 3570 hic

165 3616 236 3665 usus
251 3598 340 3660 datiui
356 3599 446 3678 Soph.
458 3601 495 3664 Ο.
508 3601 546 3661 Τ.
560 3616 616 3678 174
631 3605 713 3661 ἄλλον
726 3605 749 3661 δ’
763 3606 795 3662 do
807 3607 881 3682 ἄλλῳ
894 3609 1037 3680 προσίδοις.
1077 3606 1147 3666 Eur.
1161 3608 1214 3668 Or.

170 3715 204 3755 12
208 3710 245 3773 37
255 3699 358 3770 πήματα
367 3699 482 3772 πήμασιν
491 3701 591 3776 ἔξιῦρῃ.
619 3700 729 3762 Phoen.
739 3706 815 3779 1496
827 3707 901 3781 φόνῳ
911 3708 992 3779 φόνος
1001 3706 1126 3763 Οἰδιπόδα
1136 3708 1215 3777 δόμον

165 3797 258 3856 ὤλεσε.
300 3796 376 3859 Vide
393 3798 527 3859 Iebbium
549 3801 585 3860 de
606 3799 650 3860 his
668 3801 857 3862 disserentem
875 3803 914 3862 ad
928 3802 965 3862 Ο.
981 3801 1020 3862 Τ.
1038 3816 1103 3878 174.
1143 3804 1215 3882 Epi-

166 3913 300 3971 gramma
313 3915 361 3975 ap.
377 3897 549 3961 Cramerum
562 3899 675 3960 Anecd.
690 3899 788 3962 Onon.
802 3901 837 3962 iv.
851 3904 909 3977 386
925 3899 1067 3981 (Meinelr.
1081 3902 1218 3971 Analect,
