2760 4448
161 295 224 361 106
474 307 624 359 ivocrns
643 305 893 357 mirmiram

201 465 335 542 Denique
357 466 411 542 agi
430 484 485 542 pro
509 468 574 542 agit
592 474 668 526 recte
693 475 841 526 seruatum
862 474 905 524 est
929 463 959 521 in
983 461 1051 522 Cus.
1068 471 1098 522 et
1127 457 1210 520 Voss.q

160 565 256 625 Totus
270 565 357 641 igitur
370 564 452 623 locus
466 564 507 623 sic
522 565 620 624 euadit

285 674 359 734 Sunt
379 675 485 751 quibus
506 684 535 734 et
556 675 628 734 caeli
648 674 762 750 placeat
782 673 927 733 nascentis
948 673 986 732 ab
1006 691 1067 745 ore,

283 773 369 832 Parte
389 773 470 849 quod
491 791 528 831 ex
549 773 597 831 illa
617 773 788 832 describitur
808 772 879 831 hora
901 771 1011 842 diebus,

285 871 383 932 Omne
404 889 497 947 genus
517 871 637 930 rationis
658 871 706 947 agi
726 889 779 947 per
799 880 931 947 tempora
951 880 981 929 et
1001 878 1089 929 astra.

203 983 259 1041 111.
283 987 341 1056 548
357 1000 421 1059 sqq.
437 981 478 1041 sic
493 990 593 1041 extant
607 981 638 1039 in
653 979 768 1040 Gembl.

284 1080 409 1140 Difficile
430 1089 473 1139 est
492 1080 523 1138 in
543 1080 622 1139 idem
642 1091 756 1156 tempus
777 1097 950 1139 concurrere
971 1088 1076 1138 cuncta

284 1174 379 1233 Vnius
401 1185 429 1233 et
451 1174 526 1252 signi
547 1175 655 1251 pariter
676 1175 713 1234 sit
733 1174 844 1233 mensis
863 1184 893 1233 et
914 1191 1008 1232 annus

168 1252 173 1265 ’
205 1287 265 1347 550
286 1273 450 1349 Asperioris
472 1291 559 1348 agam
580 1290 713 1331 mensem
734 1273 758 1331 si
779 1273 888 1331 mensis
908 1272 938 1330 in
959 1281 1070 1330 astrum

285 1371 403 1431 Laetius
423 1372 558 1430 inciderit
579 1372 695 1447 signum
717 1372 740 1430 si
762 1370 841 1430 triste
861 1370 919 1430 diei

287 1470 317 1528 Si
338 1470 455 1530 fortuna
476 1469 553 1528 diem
573 1468 672 1528 foueat
693 1471 717 1527 si
739 1469 837 1528 durior
857 1468 929 1528 hora

286 1568 403 1627 Idcirco
424 1567 494 1625 nihil
514 1568 545 1625 in
567 1575 660 1626 totum
682 1568 736 1626 sibi
758 1568 875 1627 credere
895 1567 940 1626 fas
961 1575 1005 1625 est

286 1665 358 1724 Non
379 1683 474 1724 annos
495 1665 586 1741 signis
641 1667 821 1724 uertentibus
842 1667 927 1724 annis
1076 1681 1194 1722 menses

207 1780 265 1839 555
289 1763 443 1822 Mensibus
465 1773 514 1822 aut
534 1763 613 1822 luces
634 1774 684 1822 aut
705 1782 808 1823 omnes
829 1763 942 1823 lucibus
962 1761 1051 1821 horas

207 1892 264 1950 549
287 1874 410 1932 Vtriusb
424 1875 499 1931 solus
519 1873 577 1932 utb
594 1875 676 1933 solus.
708 1888 767 1948 550
778 1874 982 1950 Asperioribus
993 1892 1009 1930 o
1019 1889 1107 1948 agam
1124 1871 1213 1929 Vossi-

164 1977 218 2032 am'
234 1983 302 2049 agat
323 1974 362 2031 bo
382 1973 475 2029 Bentl,
496 1973 681 2049 Asperiorem
701 1974 741 2030 ed.
762 1973 870 2030 Bonan.
891 1986 968 2047 1474
983 1970 1170 2046 Asperiorem
1191 1970 1215 2028 is

164 2082 233 2148 agat
246 2089 378 2130 mensem
392 2070 552 2130 Salmasius
566 2073 597 2128 de
611 2090 677 2130 ann.
694 2073 810 2130 climaci.
820 2083 851 2147 p.
865 2090 932 2145 322.
973 2069 1048 2128 Ante
1063 2083 1122 2143 550
1137 2071 1215 2127 exci-

164 2171 236 2227 disse
256 2189 367 2227 uersum
381 2170 504 2245 putabat
521 2169 653 2240 Huetzits,
667 2188 745 2245 quem
762 2169 905 2227 Bentlezics
921 2169 1065 2244 suppleuit,
1081 2173 1217 2242 totumque

165 2268 251 2326 locum
273 2270 314 2327 sic
340 2268 458 2326 scribere
483 2269 573 2326 uoluit
613 2267 661 2327 Sic
686 2267 738 2326 erit
762 2277 794 2325 ut
816 2267 894 2325 mitis
921 2267 971 2343 qui
996 2266 1071 2342 signi
1100 2264 1216 2323 duxerit

164 2384 284 2437 annum,
312 2365 476 2444 Asperioris
500 2376 568 2443 agat
593 2373 734 2425 mensem.
776 2379 832 2439 551
860 2366 896 2425 sit
916 2364 1053 2440 Scaliger.
1097 2379 1155 2438 552
1180 2363 1216 2422 sit

165 2465 263 2523 durior
278 2463 356 2523 Scul.
400 2479 457 2540 553
480 2468 503 2523 si
528 2462 615 2524 Voss.¹
638 2465 748 2524 tradere
765 2463 851 2523 Voss.²
895 2477 952 2538 554
974 2480 1054 2522 anno
1075 2463 1120 2521 bo
1142 2462 1217 2538 signi

167 2563 235 2621 Cus.
264 2564 424 2622 Vosszum'b
443 2583 458 2621 0
490 2564 551 2638 igni
572 2565 611 2621 ed.
633 2562 765 2639 Regium.
784 2581 901 2622 menses
924 2562 1102 2621 uertentibus
1128 2561 1221 2619 nostri

165 2680 264 2718 omnes.
295 2679 389 2720 annus
407 2660 511 2720 Gembl.
522 2672 568 2738 pr.
583 2681 619 2719 m.

206 2753 254 2828 uu.
266 2784 333 2846 549,
347 2786 405 2845 550
417 2772 517 2831 nescio
528 2791 566 2830 an
577 2771 684 2849 aliquid
695 2771 881 2830 tribuendum
896 2770 932 2830 sit
947 2771 1042 2830 codici
1052 2769 1216 2829 Bodleiano

166 2870 182 2928 b
197 2867 341 2948 (uidemur
354 2880 431 2929 certe
446 2889 482 2928 ex
496 2870 552 2928 hoc
568 2881 645 2929 recte
660 2869 716 2928 III.
732 2890 750 2943 4
765 2869 943 2947 restituisse),

296 2981 391 3039 Vtrzits
411 2991 442 3040 ut
463 2980 540 3058 signi
560 2982 666 3058 pariter
686 2982 722 3040 sit
742 2981 851 3040 mensis
873 2992 900 3040 et
921 2999 1025 3051 annus,

288 3078 453 3155 Asperioris
474 3089 542 3156 agat
562 3098 703 3151 mensem,

166 3208 242 3267 quae
261 3189 301 3248 sic
321 3190 507 3266 interpretor:
531 3190 646 3250 difficile
663 3200 707 3250 est
725 3191 825 3250 omnia
843 3191 874 3248 in
894 3207 987 3249 unum
1008 3199 1125 3266 tempus
1147 3207 1217 3248 con-

167 3306 289 3360 currere,
304 3307 374 3346 nam
388 3289 411 3346 si
425 3307 462 3347 ex
477 3288 590 3348 duobus
605 3289 696 3364 signis
718 3290 772 3348 sub
787 3289 893 3366 quibus
910 3289 990 3346 nasci
1004 3288 1068 3364 quis
1083 3287 1217 3363 potuerit,

167 3387 287 3446 altemm
309 3395 338 3447 et
357 3406 435 3446 anno
456 3397 486 3445 et
505 3387 599 3445 mensi
617 3387 721 3459 faueat,
736 3387 856 3445 alterum
877 3405 956 3446 anno
971 3386 1090 3463 quidem
1110 3385 1219 3444 laetum

168 3485 259 3556 fuerit,
273 3486 369 3544 mensi
384 3504 455 3545 uero
477 3486 568 3544 tristia
584 3486 715 3557 minetur,
730 3484 840 3543 facilius
854 3486 907 3543 erit
928 3486 983 3543 sub
1004 3484 1059 3543 hoc
1079 3484 1170 3557 nasci,
1187 3492 1221 3540 ut

168 3602 231 3644 non
244 3602 346 3642 mense
361 3584 487 3643 simulet
506 3601 585 3641 anno
599 3592 694 3641 utatur
707 3583 841 3643 felicioris
863 3583 946 3660 signi,
963 3583 1014 3642 sed
1029 3600 1107 3641 anno
1128 3582 1219 3642 felici-

169 3683 236 3752 oris
251 3700 352 3741 mense
366 3682 505 3740 tristioris.

211 3779 269 3838 Hic
293 3780 454 3838 notandum
474 3780 614 3857 estquod
635 3779 749 3839 Gembl.
765 3799 833 3839 cum
850 3779 999 3839 Vossianis
1016 3779 1103 3837 habet
1122 3797 1220 3854 agam.

170 3877 205 3936 Id
220 3877 327 3954 duplici
340 3878 430 3937 modo
446 3877 519 3936 effici
531 3879 639 3954 potuit:
654 3878 746 3939 fuerat
760 3889 809 3938 aut
822 3875 891 3954 agal
900 3897 1021 3948 mensem,
1032 3896 1104 3936 mox
1119 3876 1221 3954 elapsa
