2760 4448
253 275 316 338 108
570 283 719 336 necrus
738 281 986 333 MANILIANAE

252 463 375 503 nemeae
390 440 472 502 dabis
485 443 525 501 ed.
539 441 624 501 Rom.
639 457 716 516 1510
730 438 879 500 Nemeaeu
893 440 1021 500 caedabis
1034 440 1075 498 ed.
1090 437 1215 499 Molzbii
1227 442 1300 515 155'1

253 542 369 602 Nemea
382 542 481 600 tribuis
495 540 626 616 Scaliger
640 543 812 616 bessemque
822 541 957 615 plerique.

297 640 410 699 Rursus
431 640 503 698 mire
524 639 690 715 conspirant
704 638 733 695 in
754 654 878 714 prauum
899 637 1016 696 codices
1037 656 1123 695 nemee
1140 636 1245 695 tribuis
1258 633 1304 694 uel

254 739 367 797 trebues.
409 737 520 796 Rursus
542 736 680 795 succurrit
696 737 721 805 b,
743 737 804 794 siue
822 754 859 794 ex
878 735 1109 811 interpolatione,
1125 736 1168 793 uti
1185 734 1305 793 credidit

256 836 393 912 Scaliger,
410 835 469 894 siue
483 854 519 893 ex
537 835 657 911 antiquo
674 833 753 892 fonte
772 833 891 892 ductum
911 833 1011 891 habuit
1031 852 1117 892 nemee
1135 834 1217 891 debis
1238 832 1267 890 h.
1280 852 1305 890 e.

255 933 398 1004 Nemeen,
424 933 511 991 debis
555 931 682 1008 Scaliger
710 931 751 991 sic
775 931 946 1007 corrigebat,
967 931 1217 1003 Nemeatrz'bm's,
1243 943 1304 990 tan-

255 1050 346 1109 quam
365 1031 493 1092 Nemean
516 1040 604 1107 poeta
624 1030 785 1106 adloquens
806 1038 906 1105 posset
926 1030 1043 1088 Leonem
1064 1031 1155 1088 uideri
1177 1030 1304 1106 adloqui,

256 1131 320 1189 lam
331 1140 398 1189 ante
412 1130 537 1188 uidimus
549 1127 727 1204 Scaligerum
735 1127 790 1185 111.
802 1147 819 1200 4
831 1128 867 1186 de
882 1145 935 1187 suo
949 1128 1119 1187 inferentem
1133 1130 1263 1204 tinguet
1277 1129 1305 1183 in

256 1231 385 1286 carmine
399 1229 495 1286 ducere
513 1234 619 1295 centus,
634 1227 684 1284 ubi
699 1226 715 1284 b
731 1235 809 1284 recte
823 1226 938 1284 indictos
951 1227 981 1284 z‘n
995 1228 1124 1284 carme'mt
1138 1228 1165 1284 d.
1180 1247 1204 1286 c.
1220 1226 1306 1284 tradi·

256 1327 306 1384 dit.
334 1326 400 1403 Ego
415 1345 469 1384 nec
481 1328 606 1401 t'rre'guos
616 1343 671 1383 nec
680 1323 787 1383 Nemea
797 1322 991 1382 Manilianum
1005 1325 1101 1383 credo,
1131 1323 1306 1401 Saepissime

256 1425 335 1482 enirn
353 1423 486 1482 Leonem
503 1403 676 1496 Nemeaeum,
692 1439 754 1480 non
770 1440 835 1480 raro
849 1423 992 1493 uocatiu0,
1007 1422 1147 1493 Nemeeee,
1163 1423 1306 1498 appellat:

256 1523 325 1582 loco
339 1523 394 1599 ipsi
408 1540 553 1598 nusquam
566 1530 679 1579 tantum
694 1520 790 1577 tribuit
806 1528 837 1576 ut
851 1519 919 1577 astri
933 1520 1028 1578 uicem
1043 1531 1264 1597 representaret.

298 1620 412 1679 Dixerit
437 1620 483 1679 hic
507 1619 609 1695 aliquis
632 1619 772 1677 ‘correxit
793 1618 894 1676 nescio
918 1619 967 1694 qui
988 1627 1055 1694 post
1075 1636 1187 1676 annum
1213 1635 1306 1691 1400:

257 1719 313 1777 ista
334 1719 456 1789 tedicus,
471 1718 551 1775 debes
572 1716 677 1774 Italum
698 1712 841 1791 produnt?
885 1715 982 1773 Multa
1002 1716 1138 1792 equidem
1160 1717 1307 1775 tribuerim

258 1817 355 1875 Italis:
380 1815 524 1874 Politiano
538 1813 666 1871 Auantio
681 1812 808 1871 Marullo
830 1831 920 1872 nemo
941 1813 991 1891 qui
1004 1823 1071 1890 post
1087 1831 1139 1873 eos
1154 1814 1228 1872 uixit
1243 1815 1307 1872 sub

259 1915 350 1973 tiliore
363 1913 416 1972 fuit
434 1931 521 1970 sensu
537 1912 597 1971 ueri
610 1911 776 1986 indagandi.
819 1912 859 1969 At
876 1930 913 1970 ex
935 1912 980 1970 his
1001 1931 1062 1970 non
1084 1911 1172 1971 credo
1194 1914 1308 1970 indictos

259 2023 377 2084 natum3
397 2012 465 2070 oriri
479 2011 559 2069 debis
570 2029 624 2069 nec
637 2009 743 2068 infitior
755 2010 893 2086 potuisse,
904 2028 959 2069 nec
973 2028 1146 2087 persuasum
1157 2011 1255 2070 habeo
1269 2011 1309 2069 sic

260 2121 366 2172 ortum.

300 2211 355 2269 III.
371 2224 439 2285 579,
455 2211 515 2284 580
529 2208 571 2267 sic
584 2214 687 2266 extant
699 2206 729 2264 in
745 2205 862 2265 Gembl.

381 2309 512 2368 Piscibus
532 2316 575 2366 est
596 2306 670 2364 aries
691 2315 720 2364 et
741 2315 818 2365 sorte
835 2316 864 2364 et
884 2306 991 2366 finibus
1011 2306 1134 2367 haerens

381 2405 488 2464 Lustra
509 2405 613 2464 decem
634 2404 738 2462 tribuet
759 2404 828 2463 solis
848 2423 916 2464 cum
938 2407 1087 2464 mensibus
1108 2416 1185 2467 octo.

302 2520 360 2581 579
372 2514 416 2563 ast
427 2503 558 2580 Scaliger
567 2504 635 2560 ceni.
646 2502 682 2560 de
693 2512 770 2560 sorte
786 2502 872 2560 Voss.²
898 2507 957 2577 580
968 2504 1068 2563 decem
1082 2502 1168 2564 Vosn¹
1179 2504 1195 2562 b
1207 2525 1222 2563 o
1233 2505 1270 2562 de
1280 2504 1312 2564 ἑὸ

267 2602 354 2663 Voss.ss
376 2605 435 2662 duo
456 2603 598 2660 Bentlezies
630 2600 732 2659 tribuet
756 2601 824 2661 Ces.
853 2602 983 2660 Vosszene'
999 2603 1045 2661 bo
1075 2605 1199 2662 tribuent
1220 2602 1313 2661 Benll.

261 2703 330 2762 solis
352 2701 437 2775 Voss.2
452 2700 528 2759 soles
545 2699 612 2759 Ces.
635 2697 720 2757 Voss.1
736 2699 790 2757 bo.

302 2801 368 2858 lam
391 2817 418 2856 u.
443 2801 499 2872 567
527 2798 598 2856 dixit
618 2797 747 2855 Arietem
769 2798 812 2856 bis
832 2799 931 2873 quietes
952 2818 1040 2857 annes
1062 2819 1199 2875 unumque
1218 2801 1316 2858 tre'ente

261 2894 443 2952 Fraudatum
458 2892 535 2950 dare.
577 2892 680 2968 Itaque
701 2892 887 2951 manifestum
909 2903 953 2952 est
973 2912 1022 2952 uu.
1040 2908 1108 2969 579,
1123 2897 1183 2966 580
1206 2895 1315 2970 signifi·

263 2993 323 3053 cari
344 2991 451 3062 Pisces,
474 3008 541 3048 cum
561 2999 637 3047 sorte
659 2999 688 3048 et
707 2989 774 3048 loco
795 2991 886 3048 Arieti
908 2992 964 3051 sint
984 2993 1118 3069 proximi,
1137 2992 1215 3050 idem
1238 2993 1314 3050 uitae

263 3090 388 3168 spatium
403 3090 535 3162 tribuere,
552 3105 646 3146 annos
661 3106 688 3159 x,
703 3107 821 3148 menses
835 3090 893 3146 viii.
937 3090 967 3148 Si
986 3091 1072 3166 igitur
1090 3109 1158 3148 uere
1177 3091 1316 3149 traditum

263 3200 308 3248 est
329 3190 360 3246 in
382 3187 531 3247 codicibus
551 3186 662 3259 tribuet,
675 3205 730 3263 pro
752 3188 935 3246 nominatiuo
958 3188 1046 3247 Aries
1068 3190 1128 3261 erit,
1147 3190 1230 3266 isque
1247 3208 1316 3266 pro

263 3289 391 3366 pinquus
419 3285 550 3344 Piscibus
578 3303 646 3343 cum
676 3286 721 3355 sit,
749 3285 855 3345 tribuet
882 3296 951 3345 nato
981 3289 1035 3345 sub
1062 3286 1194 3345 Piscibus
1229 3305 1317 3345 suurn

264 3404 421 3446 numerum
446 3403 599 3455 annorum,
626 3403 645 3441 x
668 3383 758 3443 lustra
782 3385 843 3443 siue
867 3389 1003 3458 περιόδους
1024 3387 1101 3457 solis,
1124 3386 1152 3444 h.
1165 3405 1191 3444 e.
1213 3403 1317 3443 annos·

264 3485 402 3545 Lustmm
416 3483 493 3541 enim
508 3482 554 3540 hic
573 3492 617 3540 est
632 3492 745 3558 tempus
760 3500 819 3559 quo
834 3483 877 3542 sol
895 3484 993 3543 lustrat
1017 3485 1136 3557 caelum,
1152 3484 1215 3560 pari
1230 3502 1320 3543 sensu

264 3604 299 3644 ac
314 3583 384 3642 dixit
398 3581 453 3640 ΙΙΙ.
475 3599 530 3655 3²1
549 3579 592 3637 Et
598 3581 719 3656 peribus
735 3584 835 3657 speleis
844 3592 900 3658 per
919 3585 1036 3658 sz'ngule
1056 3586 1148 3641 lustra
1167 3589 1323 3659 resurgunt

265 3681 384 3762 (zenae).
420 3680 500 3738 Vero
516 3679 636 3736 similius
650 3687 748 3737 tamen
762 3698 825 3739 reor
840 3679 909 3756 ipsis
923 3680 1054 3740 Piscibus
1068 3682 1124 3741 hoc
1138 3681 1241 3752 tribui;
1264 3681 1319 3739 ita·

267 3801 323 3858 que
344 3780 464 3839 tre'buent
482 3778 645 3855 scripserim
666 3797 732 3836 cum
753 3778 895 3850 Bentleio,
915 3780 965 3855 qui
987 3790 1083 3840 tamen
1105 3779 1186 3857 quod
1205 3780 1242 3838 de
1265 3798 1322 3838 suo

266 3879 360 3938 intulit
381 3877 490 3938 Lustra
510 3878 570 3946 dud,
595 3893 662 3935 cum
680 3895 824 3955 nusquam
843 3877 901 3937 hoc
919 3877 971 3936 sibi
993 3878 1130 3938 Manilius
1150 3879 1324 3954 permiserit,
