2760 4448
256 296 319 359 140
569 287 718 341 NOCTES
737 288 986 340 MANILIANAE

254 450 423 526 Vergiliano
446 450 520 527 Aen.
537 449 574 508 xi.
595 453 632 524 67
658 449 719 507 Hic
740 451 863 508 rauenem
886 451 996 526 agresti
1011 447 1152 507 sublimem
1170 449 1307 523 gramme

248 555 359 624 ponunt
374 548 488 620 Qualem
500 550 627 624 uirgineo
637 549 783 607 demessum
790 550 890 624 pollice
894 549 1007 626 florem.
1029 546 1087 606 Sed
1097 556 1197 604 tamen
1209 547 1308 604 littora

255 645 411 707 Manilium
425 656 468 706 ter
485 646 634 722 scripsisse
649 648 717 722 637,
733 648 802 722 639,
818 648 876 722 643
891 647 940 704 uix
955 645 1043 704 credo
1052 664 1061 717 ;
1081 643 1163 722 quod
1182 662 1254 704 cum
1274 645 1307 701 in

255 748 324 820 639,
346 748 406 820 643
429 756 506 805 reete
528 745 660 804 uideatur
682 744 830 815 traditum,
852 743 927 803 falso
947 743 1024 802 idem
1049 744 1080 801 in
1101 746 1160 818 637
1182 742 1306 801 inlatum

254 853 306 904 est.
349 843 455 904 Fuerat
469 843 587 903 fortasse
607 843 781 903 indicatiuus
795 843 873 902 uelut
885 841 1009 901 Miror:
1028 859 1087 919 quo
1101 851 1231 918 recept0‚
1246 843 1307 900 sola

254 948 345 1000 tamen
372 941 403 1000 in
430 943 539 1000 soleret
564 949 672 1000 lantum
696 951 789 1013 muto,
816 958 884 1000 cum
911 951 1065 1017 utrumque
1089 940 1194 999 eodem
1223 958 1307 999 com-

254 1041 364 1116 pendio
388 1046 419 1098 tn
447 1040 602 1117 significari
630 1040 762 1116 potuerit.
804 1039 915 1115 Ecquis
940 1057 1001 1097 non
1032 1038 1163 1115 intelligit
1194 1037 1307 1116 optime

255 1139 296 1198 sic
320 1139 395 1197 inter
417 1157 448 1197 se
470 1138 624 1199 cohaerere
652 1140 710 1196 sola
738 1147 766 1197 et
794 1143 901 1196 lantum
922 1140 1086 1213 emergentia
1108 1142 1203 1214 ponto,
1234 1135 1308 1194 illud

255 1255 324 1296 eum
341 1238 509 1314 superfiatm
527 1247 639 1296 tantum
656 1247 757 1309 terrae,
771 1235 828 1296 hoc
847 1236 897 1294 uix
917 1253 1004 1312 supra
1024 1253 1105 1294 mare
1125 1238 1307 1294 eminentem

254 1336 278 1393 si
322 1335 445 1394 ificarit?

280 1354 433 1506 girdaqualr's
459 1429 582 1502 cyclades
609 1445 677 1488 cum
706 1426 848 1488 Stoebero
875 1428 1047 1504 interpretor
1081 1426 1240 1504 aequaliter
1274 1428 1307 1486 in

254 1526 379 1602 figuram
395 1526 549 1586 ordinatas,
593 1525 641 1585 sic
654 1526 733 1585 enim
747 1525 784 1585 de
798 1527 841 1584 eis
859 1525 964 1602 Scylax
982 1525 1067 1585 refert
1088 1513 1250 1603 in'Periplo
1266 1545 1307 1601 49

255 1629 386 1684 Κυκλάδες
399 1627 428 1682 δὲ
441 1624 495 1683 αἵδε
509 1627 562 1682 εἶσὶ
575 1627 638 1681 κατὰ
648 1626 694 1695 τὴν
704 1626 900 1694 Λακεδαιμονίαν
909 1629 998 1698 χώραν
1008 1624 1150 1695 οἰκούμεναι
1161 1628 1253 1694 Μῆλοο
1264 1629 1307 1681 καὶ

254 1725 338 1796 λιμήν,
354 1726 416 1780 κατὰ
433 1726 461 1779 δὲ
474 1723 567 1793 ταύτην
580 1724 708 1792 Κίμωλοο,
723 1725 786 1779 κατὰ
801 1725 829 1779 δὲ
842 1723 935 1794 ταύτην
948 1724 1077 1796 Ὠλίοροο,
1091 1726 1154 1779 κατὰ
1168 1725 1197 1779 δὲ
1211 1724 1309 1794 ταύτην

255 1825 360 1893 Σίκινος,
375 1821 473 1892 arira-ip
496 1819 548 1900 (καὶ
562 1821 629 1879 add.
640 1818 739 1899 Voss.)
752 1825 837 1893 πόλις,
858 1824 921 1877 κατὰ
942 1823 970 1878 δὲ
984 1821 1078 1892 ταύτην
1098 1822 1176 1895 θήρα,
1191 1824 1255 1878 κατὰ
1276 1824 1307 1878 δὲ

254 1920 348 1989 ταύτην
371 1921 479 1992 Ἀνάφη,
508 1923 571 1976 κατὰ
598 1922 626 1975 δὲ
654 1920 748 1990 ταύτην
770 1921 930 1987 Ἀστυπάλη.
973 1918 1058 1978 Mart.
1083 1919 1157 1997 Cap.
1181 1920 1218 1978 Vi.
1244 1921 1308 1978 660

258 2017 391 2094 Cyclades
405 2037 474 2094 quae
488 2020 600 2075 nomina
614 2038 633 2075 α
646 2019 784 2076 circulata
799 2019 971 2076 ordinatiane
983 2020 1105 2076 sortr'taa

296 2134 343 2176 uu.
359 2118 427 2191 639,
443 2119 502 2187 640
520 2116 561 2174 sic
576 2116 745 2175 scribendos
760 2134 867 2175 censeo
886 2117 927 2176 uti
941 2133 993 2174 eos
1007 2116 1120 2193 scripsit
1135 2114 1300 2192 Pingraeus

700 2215 886 2292 primumque
907 2215 1039 2274 intrantis
1059 2216 1089 2274 in
1109 2215 1214 2274 orbem

379 2313 492 2374 Oceani
513 2313 662 2373 uictricem
682 2311 816 2371 Ebusum
837 2322 866 2371 et
887 2312 1035 2372 Balearica
1055 2331 1131 2384 uua,

255 2413 284 2470 h.
299 2431 324 2471 e.
344 2412 479 2472 Ebusum
501 2429 529 2470 u.
553 2410 663 2470 Oceani
683 2411 809 2487 primum
830 2411 961 2470 intrantis
982 2411 1012 2469 in
1033 2411 1144 2483 orbem,
1168 2411 1230 2470 siue
1254 2412 1307 2470 ubi

255 2511 381 2586 primum
396 2511 482 2568 intrat
493 2509 634 2585 penitiora
644 2509 732 2568 maris
744 2508 958 2569 Mediterranei.
986 2508 1064 2568 Nam
1076 2510 1114 2568 ab
1127 2508 1223 2568 insula
1236 2509 1307 2569 inde

256 2610 357 2668 Ebuso
378 2609 461 2667 litora
483 2608 643 2683 Hispaniae
657 2617 686 2666 et
700 2606 812 2666 Galliae
829 2610 968 2667 recedunt
984 2619 1013 2667 et
1029 2609 1060 2665 in
1078 2609 1181 2667 orbem
1203 2626 1309 2686 quem-

257 2709 325 2767 dam
345 2716 515 2778 curuantur3
544 2706 687 2783 habetque
708 2705 780 2766 haec
801 2724 868 2783 pars
889 2706 977 2765 maris
998 2706 1125 2782 speciem
1145 2706 1308 2782 quamdam

256 2805 363 2864 circuli.
405 2804 491 2876 Quae
505 2804 598 2863 insula
612 2803 728 2862 Ebusus
746 2822 813 2863 cum
833 2805 927 2881 prima
946 2806 1073 2864 emineat
1092 2824 1129 2865 ex
1151 2805 1308 2882 superficie

256 2904 409 2974 undarum,
421 2922 439 2961 a
449 2901 573 2961 Manilio
586 2902 688 2961 dicitur
699 2903 810 2962 uz'ctrr'x
823 2903 948 2964 oceani.-
963 2923 1032 2963 nam
1046 2914 1115 2963 ante
1129 2923 1196 2963 eam
1210 2915 1309 2964 cetera

210 3055 212 3058 a
257 3003 394 3062 Oceanus
407 3001 573 3073 uindicauit,
589 3001 749 3078 obruitque.
783 3000 831 3061 Sic
846 3004 935 3061 uerba
949 3005 1090 3062 ut'ctrr'cem
1108 3002 1216 3061 Oceani
1226 3014 1307 3063 reete

256 3103 458 3178 interpretatus
473 3111 517 3158 est
533 3099 696 3158 Stoeberus

377 3197 510 3256 Aduersa
529 3196 679 3256 Euboicos
699 3199 819 3257 miratur
840 3198 966 3258 Graecia
985 3209 1111 3269 montes,

379 3296 416 3354 Et
437 3296 558 3372 genitrix
580 3295 666 3355 Crete
686 3297 781 3356 ciuem
803 3298 903 3358 sortita
924 3297 1103 3370 Tonantem,

376 3395 552 3471 Aegyptique
573 3393 689 3472 Cypros
709 3395 839 3472 pulsatur
860 3396 994 3455 fluctibus
1014 3397 1119 3456 omnis.

379 3493 496 3569 Totque
517 3493 632 3553 minora
651 3494 713 3553 sola
733 3501 759 3553 et
777 3502 884 3553 tantum
905 3495 1082 3570 emergentia
1102 3503 1204 3579 ponto.

378 3591 484 3662 Miror,
505 3603 534 3651 et
554 3593 682 3670 aequalis
703 3592 852 3668 Cyclades,
874 3580 1029 3670 Delonque
1047 3593 1243 3669 Rhodonque,

378 3691 545 3767 Aulidaque
565 3701 594 3750 et
613 3691 778 3763 Tenedum,
795 3692 949 3768 uicinaque
972 3691 1091 3751 Corsica
1111 3693 1192 3751 terris

378 3789 477 3847 Litora
499 3789 655 3861 Sardiniae,
676 3791 859 3867 primumque
881 3791 1012 3849 intrantis
1032 3791 1062 3849 in
1084 3793 1183 3850 orbem

315 3910 320 3915 ·
380 3888 491 3947 Oceani
513 3889 660 3949 uictricem
682 3888 814 3948 Ebusum
836 3898 864 3948 et
886 3888 1033 3949 Balearica
1053 3907 1127 3949 rura.
