2760 4448
164 296 226 343 102
476 288 624 339 NOCTES
644 285 894 336 MANILIANAE

205 453 262 522 508
287 447 369 507 Stent
396 445 480 505 Voss.1
501 448 546 506 bo
567 447 632 505 Sint
658 444 743 506 Voss.2
788 444 886 502 Totum
907 463 1017 502 uersum
1037 450 1070 502 ut
1085 445 1213 520 spurium

162 548 310 605 damnauit
328 546 478 604 Bentleeus.
530 560 588 620 509
614 545 756 621 Denaque
785 541 871 602 Voss.²
895 542 962 602 Cus.
984 562 999 601 o
1023 541 1112 602 Dena
1132 543 1214 619 quod

170 643 254 704 Voss.1
274 646 290 703 b
310 643 447 721 Denique
471 656 502 702 ut
523 643 654 720 Scaliger
674 642 842 719 Omniaque
862 640 1005 700 Bentleeies
1028 641 1107 701 Sena
1131 641 1214 716 quod

161 743 307 802 Stoeberus
325 743 470 802 Censibus
485 741 603 801 Iacobus
618 741 795 817 Singulaque
816 759 873 817 ego.
908 738 1073 798 Bentleium
1094 741 1145 818 qui
1166 759 1214 798 uu.

164 854 303 916 505-507
320 841 434 929 egregie
455 841 577 900 correxit
597 857 707 900 errasse
728 839 759 896 in
780 842 839 912 508
859 839 918 896 iam
941 837 1099 898 Stoeberus
1119 839 1215 899 euicit

162 939 302 999 Subortus
321 940 400 997 enim
421 948 546 997 nonest
567 955 698 1010 occasus,
719 937 771 995 sed
792 954 845 1011 par
863 937 1007 1013 significat
1027 949 1115 1015 atque
1136 937 1216 1015 apud

161 1038 277 1097 Lucret.
296 1057 321 1096 v.
343 1057 411 1112 302,
435 1056 452 1112 3
472 1036 523 1096 Sic
542 1039 633 1113 egetur
652 1037 733 1094 solem
754 1037 851 1095 lunam
871 1037 1015 1111 stellasque
1030 1039 1219 1111 putandumst

161 1136 219 1196 Ex
233 1138 289 1195 aleb
302 1144 383 1211 atque
396 1138 452 1194 aleb
466 1137 551 1193 lucem
566 1138 671 1193 eiectare
683 1134 804 1193 mbortu.
847 1133 926 1193 Nam
939 1134 1068 1193 suboriri
1079 1136 1217 1195 dicuntur

162 1253 238 1312 quae
259 1252 338 1294 nouo
360 1252 476 1310 semper
495 1244 560 1293 ortu
581 1233 766 1310 proueniunt,
787 1234 860 1293 sicut
881 1233 990 1292 Plinius
1011 1234 1084 1293 dixit
1104 1235 1133 1292 ii.
1158 1248 1215 1308 207

163 1335 336 1392 metallorum
350 1334 486 1409 opulentia
500 1338 557 1390 tom
571 1334 658 1390 uaria
672 1338 729 1390 tam
743 1333 820 1390 deues
832 1338 890 1389 tam
899 1332 1030 1409 fecunda
1043 1339 1084 1391 tot
1097 1336 1217 1393 saeculus

161 1434 325 1491 suboriens:
347 1431 491 1490 interdum
506 1449 581 1508 quae
599 1431 630 1488 in
649 1431 722 1489 alius
738 1430 835 1488 iocum
851 1431 1011 1489 succedunt
1021 1449 1030 1503 ;
1051 1431 1119 1491 uide
1139 1451 1217 1509 quae

164 1532 202 1590 ad
217 1531 270 1590 IV.
287 1535 346 1589 800
355 1533 432 1607 pesce
445 1529 556 1588 suborto
570 1528 716 1599 adnotaui,
731 1529 933 1606 interpretatus
954 1530 992 1588 de
1011 1530 1219 1607 transfigurata

162 1629 278 1689 Venere
302 1631 334 1687 in
358 1630 478 1705 piscem.
518 1628 558 1686 Et
579 1630 609 1686 in
631 1627 793 1685 Maniliano
812 1645 898 1686 uersu
920 1627 1076 1687 Stoeberus
1097 1631 1139 1688 sic
1166 1648 1217 1688 uo

162 1728 298 1788 cabulum
318 1727 435 1786 uolebat
455 1727 526 1803 poni
542 1731 704 1803 ‘quaenam
722 1726 805 1802 signa
824 1726 854 1784 in
873 1725 1003 1799 aliorum,
1018 1726 1218 1786 occidentium

162 1836 241 1904 puta,
256 1827 354 1885 locum
368 1825 514 1897 oriantur,'
529 1825 581 1883 sed
592 1825 689 1884 uerius
702 1835 774 1901 puto
788 1824 825 1883 de
839 1824 949 1884 eisdem
964 1825 1053 1884 stellis
1068 1826 1125 1884 dici
1140 1845 1218 1903 quae

162 1925 290 1983 oriantur
309 1934 337 1982 et
357 1923 548 1996 suboriantur,
563 1923 622 1982 alio
640 1933 772 2000 tempore
792 1942 829 1982 ex
849 1923 907 1982 alio
926 1941 1016 1999 supra
1033 1924 1218 1984 horizontem

163 2041 195 2082 se
216 2022 405 2082 extollentes:
433 2022 498 2080 ‘the
520 2031 583 2080 true
603 2021 706 2098 risings
728 2021 786 2079 and
807 2040 873 2080 new
892 2022 996 2098 risings
1017 2023 1080 2081 that
1101 2024 1218 2100 replaee

162 2118 259 2181 them!

205 2219 295 2291 Quod
309 2218 485 2295 Sr'uguloque
498 2237 552 2294 pro
567 2216 703 2293 Duraque
716 2217 901 2277 scribendum
916 2236 989 2291 reor,
1004 2228 1120 2295 poterat
1136 2238 1218 2280 com-

163 2319 304 2396 pendiose
318 2326 468 2376 exaratum
482 2314 552 2375 Sint
568 2334 635 2376 cum
649 2315 734 2374 Deera
748 2317 912 2393 permutari.

204 2417 366 2493 Postquam
387 2415 527 2474 Manilius
546 2414 645 2473 docuit
665 2416 749 2474 annis
768 2415 913 2473 nascentis
933 2415 1096 2490 praesidere
1114 2417 1217 2488 solem,

163 2515 311 2573 mensibus
326 2514 435 2585 lunam,
450 2512 550 2589 primis
565 2512 645 2571 horis
659 2512 854 2590 horoscopon,
869 2512 940 2571 haec
955 2513 1110 2572 subnexuit

205 2612 261 2671 111.
277 2626 343 2685 520,
361 2626 416 2685 521

287 2710 334 2768 Sic
356 2727 466 2767 annum
487 2709 655 2786 mensisque
676 2727 745 2768 suos
766 2719 869 2768 natura
889 2707 1008 2786 diesque

287 2809 384 2884 Atque
405 2809 484 2885 ipsas
505 2807 595 2866 uoluit
617 2809 762 2867 numerari
783 2809 868 2884 signa
888 2827 941 2884 per
962 2807 1058 2867 horas

204 2905 353 2964 Bentleius
364 2905 459 2982 Signa
467 2916 523 2982 per
530 2924 582 2982 per
592 2907 789 2983 anastrophen
800 2907 1006 2981 coniungebat,
1017 2906 1162 2966 sententia
1175 2907 1219 2967 sic

163 3004 338 3081 postulante,
349 3022 417 3062 cum
430 3014 605 3080 sequeretur,
617 3012 650 3063 ut
657 3024 734 3063 omne
744 3011 849 3081 tempus
860 3005 1069 3081 dzuz'sumsoret
1081 3007 1112 3062 in
1123 3008 1220 3064 omnia

163 3109 253 3162 ostro.
296 3100 375 3159 Nam
389 3111 420 3160 ut
435 3112 550 3178 tempus
564 3103 594 3161 in
610 3114 695 3174 astra,
710 3103 750 3161 ita
763 3120 881 3161 menses
895 3107 946 3161 &e
961 3121 1013 3179 per
1027 3102 1130 3162 sidera.

205 3199 383 3258 Huiusmodi
395 3200 607 3260 intolerabilem
621 3201 818 3278 anastrophen
832 3200 968 3277 equidem
979 3219 1040 3259 non
1051 3218 1220 3278 concoqu0.

164 3299 342 3375 Corruptum
357 3299 454 3375 potius
470 3301 555 3375 sz'gna
572 3310 626 3375 per
640 3308 669 3359 et
685 3300 716 3357 in
732 3300 856 3377 se'gnffer
869 3299 1071 3375 retingendum
1085 3301 1219 3358 arbitror.

164 3397 295 3455 Variauit
315 3396 345 3454 id
366 3397 446 3473 quod
465 3407 676 3473 praeceperunt
689 3397 834 3474 Aegyptii,
856 3397 925 3457 solis
946 3397 1074 3474 speciem
1096 3397 1220 3473 singulis

163 3495 241 3554 horis
260 3513 314 3572 per
332 3495 447 3571 singula
464 3495 583 3554 Zodiaei
602 3496 687 3573 signa
704 3496 817 3556 mutari.
859 3496 962 3572 ltaque
976 3495 1033 3554 hoc
1047 3495 1131 3555 dicit:
1156 3515 1219 3555 non

163 3595 258 3652 solum
279 3593 364 3651 annis
384 3593 534 3652 mensibus
554 3594 657 3653 diebus
678 3612 730 3652 sua
749 3595 803 3667 uis,
819 3595 870 3653 sed
892 3594 1012 3671 singulis
1030 3594 1117 3653 etiam
1137 3595 1220 3654 horis

165 3701 218 3749 est.

206 3788 343 3865 Koppius
358 3790 396 3848 ad
412 3787 499 3849 Mart.
515 3789 625 3866 Capell.
641 3790 657 3849 i.
675 3793 722 3867 76,
738 3792 787 3850 ubi
803 3792 839 3851 de
855 3791 916 3850 sole
931 3791 1011 3863 dixit,
1021 3792 1107 3869 face'e
1125 3799 1219 3850 autem

164 3906 233 3946 reox
247 3894 279 3945 ut
291 3889 435 3964 engressus
450 3894 490 3947 est
497 3891 587 3964 pueri
598 3891 754 3962 reru'deutei,
770 3892 876 3948 e'recessu
890 3893 976 3952 medie
990 3893 1098 3949 iuuenis
1113 3892 1219 3960 anheli,
