2760 4448
582 247 633 296 III
913 301 915 306 ,
1064 254 1121 297 111

72 406 240 466 auctoribus
261 406 483 484 praeferendum
504 405 554 466 Ni
569 408 631 467 erit.
674 405 765 480 Quod
784 426 818 478 u.
841 421 899 482 594
918 406 1034 466 codices
1059 408 1075 465 b
1098 417 1127 466 et

72 503 222 564 Parisinus
243 504 374 564 Stoeberi
394 507 505 565 uariam
525 505 681 566 lectionem
703 505 838 565 exhibent
858 506 1044 581 superabitur,
1066 524 1127 565 non

73 603 171 662 statim
185 603 337 663 abicienda
350 622 386 663 ea
400 604 472 677 erit;
500 622 596 680 neque
617 612 716 663 tamen
737 621 807 663 uera
838 603 908 661 mihi
925 603 1038 663 uidetur
1053 623 1126 664 esse.

74 699 154 760 Nam
179 701 221 761 sic
241 702 270 760 iv
290 703 450 774 cardinum,
471 711 504 761 ut
524 703 571 761 viii
596 702 750 780 regionum
775 702 888 762 numeri
910 702 1054 779 gradatim
1077 704 1127 762 de-

73 799 226 871 scendunt,
242 799 298 859 hoc
312 801 432 860 ordine:

119 917 144 956 1.
166 897 306 957 Cardines
323 902 369 973 78,
388 912 425 974 75
441 898 488 957 uel
504 911 551 973 77,
570 901 606 972 76
621 897 668 957 uel
685 911 731 972 75,
747 899 794 956 61.

103 995 143 1056 a.
166 994 316 1072 Regiones
331 999 379 1068 68,
393 999 441 1071 63,
459 1009 507 1071 57,
524 1012 572 1071 50,
589 1015 636 1068 42,
653 1015 700 1071 23,
715 997 735 1068 i,
756 1015 800 1055 12.

73 1094 267 1172 Inspiciamus
281 1096 379 1154 uerba.
421 1094 507 1152 Luna
520 1095 551 1152 in
566 1094 745 1171 Horoscopo

319 1202 443 1252 octonos
463 1193 559 1252 decies
579 1193 702 1251 ducetur
722 1193 752 1250 in
773 1209 867 1251 annos

197 1289 237 1348 Ni
258 1291 316 1351 duo
337 1290 559 1376 decedant3at
579 1309 647 1349 curn
669 1293 723 1350 sub
744 1291 871 1349 culmine
892 1309 1008 1351 summo
1101 1296 1104 1301 ’

199 1389 352 1461 Consistet‚
375 1390 467 1447 tribus
491 1388 539 1448 hic
565 1407 703 1448 numerus
727 1389 906 1447 fraudabitur
930 1391 979 1465 (al.
1006 1409 1124 1467 supera-

278 1485 367 1565 bitur)
391 1487 475 1546 annis

73 1584 104 1643 h.
125 1604 150 1644 e.
173 1585 243 1644 luna
264 1585 295 1643 in
320 1585 497 1662 Horoscopo
521 1584 600 1644 dabit
622 1603 716 1643 annos
743 1587 790 1660 78,
816 1585 846 1642 in
869 1603 984 1645 summo
1009 1587 1126 1647 cardine

74 1683 203 1743 eundem
225 1701 378 1742 numerum
393 1684 483 1742 tribus
505 1684 663 1755 subductis,
680 1684 708 1741 h.
720 1702 744 1742 e.
765 1697 813 1758 75,
827 1684 875 1742 uel
886 1684 909 1742 si
923 1685 969 1742 ln'c
990 1705 1124 1745 numerus

74 1781 115 1840 ad
135 1788 240 1840 octonos
260 1783 345 1840 deczies
365 1782 534 1841 referendus
555 1792 606 1856 est,
625 1794 671 1856 77.
713 1781 752 1840 Et
769 1782 828 1841 hoc
848 1800 951 1841 uerum
972 1801 1044 1855 esse,
1060 1803 1126 1844 sua·

75 1880 157 1939 deret
172 1890 312 1939 constans
326 1881 477 1939 diminutio
492 1881 637 1941 rationum
651 1877 713 1957 (78,
731 1893 777 1955 77,
795 1878 846 1959 76)
865 1881 922 1940 nisi
941 1881 1093 1959 Olympias
1107 1903 1127 1942 v

73 1981 173 2056 potius
187 1997 340 2051 annorum,
356 1997 416 2038 non
430 1989 462 2038 ut
477 1979 625 2057 Scaligero
639 1978 802 2055 placuit,'1v
816 1979 953 2038 habenda
967 1991 1062 2040 esset:
1086 1983 1126 2040 sic

74 2077 155 2137 enim
177 2075 354 2154 Olympiada
374 2077 537 2154 intelligunt
556 2087 585 2136 et
604 2076 729 2137 Ouidius
748 2086 777 2136 et
798 2086 867 2153 post
886 2096 955 2136 eum
975 2077 1125 2138 Martialis.

74 2175 161 2234 Pont.
185 2174 221 2234 iv.
243 2177 271 2234 6.
294 2190 312 2250 5
333 2177 516 2252 quz'azquennts
540 2175 692 2251 Olympias,
714 2173 862 2233 Martvii.
883 2195 931 2247 40.
952 2177 1126 2236 terrenas

73 2273 158 2332 utact‘t
171 2274 351 2350 olympiadas,
370 2273 406 2333 cf.
426 2291 500 2352 quae
523 2272 762 2332 Friedlaenderus
781 2272 818 2330 ad
834 2273 870 2330 iv.
891 2286 939 2345 45.
956 2293 983 2348 3,
999 2294 1017 2347 4
1032 2276 1125 2334 adno-

73 2371 155 2430 tauit.
197 2370 358 2430 Cardinum
378 2372 464 2450 igitur
482 2372 610 2431 euadunt
631 2371 745 2430 numeri
766 2372 813 2445 78,
831 2384 878 2445 75,
895 2385 943 2446 75,
959 2375 1006 2430 61.
1041 2375 1082 2431 At
1101 2375 1125 2433 si

73 2469 253 2547 superabitur
277 2469 389 2547 legeris,
413 2470 483 2528 luna
504 2471 535 2527 in
560 2487 677 2529 summo
699 2468 815 2528 cardine
840 2478 890 2527 aut
914 2472 952 2544 78
968 2480 995 2537 -1-
1012 2491 1028 2546 3
1043 2475 1121 2530 :81

74 2578 126 2626 aut
137 2571 176 2626 80
187 2579 214 2636 ÷
226 2588 243 2643 3
253 2570 329 2643 :83
344 2586 438 2628 annos
452 2567 549 2627 dabit:
571 2567 652 2645 quod
668 2584 808 2626 numeros
828 2568 967 2644 peruertit
981 2569 1125 2646 gradatim

74 2665 296 2726 descendentes

115 2783 143 2824 u.
163 2778 222 2840 595
243 2775 320 2824 recte
341 2765 512 2824 emendasse
531 2763 674 2823 Huetium
692 2764 817 2823 ostendit
834 2766 1033 2842 quadragenus
1047 2766 1123 2826 Vos-

73 2863 175 2935 siani²,
197 2863 278 2941 quod
297 2862 380 2922 facile
400 2882 436 2922 ex
457 2864 651 2939 quadragenos
673 2864 819 2939 corrumpi
840 2864 943 2939 potuit,
965 2883 1060 2941 neque
1081 2874 1124 2923 est

72 2980 126 3022 cur
138 2968 218 3021 actus
231 2972 364 3034 mutetur,
379 2962 459 3038 quod
473 2962 528 3034 hic,
542 2971 574 3019 ut
588 2961 715 3020 Huetius
730 2963 876 3031 censebat,
891 2962 928 3020 de
950 2963 1018 3021 solis
1039 2982 1124 3022 cursu

73 3062 178 3122 dicitur
195 3071 228 3121 ut
248 3061 272 3119 I.
295 3075 362 3137 573.
405 3060 442 3119 In
463 3068 603 3138 sequente
625 3078 720 3132 uersu,
741 3060 848 3118 eodem
869 3059 1017 3119 Vossiano
1037 3071 1119 3133 teste,

73 3179 135 3220 non
156 3162 275 3237 olympia
295 3161 364 3219 luna
385 3159 437 3218 sed
456 3161 590 3235 olympus
610 3177 668 3216 una
687 3157 872 3217 scribendum
891 3168 951 3231 est3
977 3159 1055 3217 solus
1076 3160 1123 3218 hic

73 3260 152 3319 enim
174 3278 191 3318 e
211 3259 317 3319 nostris
337 3278 353 3316 s
373 3257 500 3318 seruauit
524 3254 661 3334 oltmpus¹
682 3258 776 3325 luna,·
797 3266 830 3314 ut
851 3275 924 3330 reor,
946 3259 1074 3334 olimpias
1092 3259 1123 3316 in

72 3354 210 3435 olpnp‘as,
224 3356 281 3416 hoc
296 3357 327 3416 in
340 3358 476 3432 alz'mpasi,
492 3364 560 3432 post
574 3357 605 3412 in
618 3357 749 3431 alzinpusl
761 3363 895 3414 cesserat.

113 3457 170 3518 111.
187 3459 256 3531 603,
274 3458 332 3527 604
347 3455 388 3514 sic
401 3464 500 3514 extant
513 3454 544 3512 in
558 3453 675 3512 Gembl.

196 3554 339 3630 Quaeque
360 3572 446 3630 super
465 3553 582 3630 signum
603 3570 728 3611 nascens
748 3571 766 3610 a
785 3552 902 3611 cardine
922 3552 1050 3628 primum

195 3652 295 3712 Tertia
314 3653 408 3711 forma
428 3661 472 3711 est
492 3661 522 3710 et
543 3669 659 3709 summo
680 3651 739 3708 iam
760 3651 893 3728 proxima
914 3650 1004 3709 caelo

114 3755 173 3828 663
195 3771 213 3811 a
234 3751 350 3811 cardine
372 3750 459 3809 Voss.²
478 3748 546 3809 Cur.
563 3750 580 3807 b
595 3750 631 3808 de
652 3749 770 3808 cardine
795 3746 879 3806 Vasr.¹
897 3748 954 3807 hoc
975 3748 1075 3808 ordine
1096 3770 1120 3811 o.

254 3893 264 3923 ¹
280 3895 339 3943 Non
350 3901 387 3944 est
398 3895 497 3959 olimpo,
508 3900 545 3956 nt,
556 3893 662 3943 Iacobus
673 3899 781 3951 testatur,
793 3892 836 3942 sed
848 3892 946 3957 olimpo,
