2760 4448
514 286 656 336 ·IV

225 446 391 524 Aegyptum
414 441 504 512 ,*****
527 446 652 522 lepidam
673 446 817 524 tyriasque
838 446 948 508 recedit

225 546 264 604 Et
284 545 400 604 cilicum
420 554 522 620 gentes
543 545 639 603 uicina
660 555 689 604 et
709 546 845 621 aquarius
866 563 945 618 arua,

105 677 162 741 797
175 672 243 722 actu
253 657 340 720 Voss.1
353 659 421 718 Cas.
433 677 503 718 arcu
514 679 529 717 a
539 669 621 718 actus
638 658 723 718 Voss.2
732 671 812 719 actus
827 678 841 719 s
856 661 1059 739 raduclaLips.
1093 665 1151 738 798

101 763 138 821 Ε.
153 760 298 838 alepidam
313 758 381 818 Car.
404 759 559 817 Vasszam'a
574 766 710 834 turasqu'e
732 756 816 817 Voss?
830 760 869 818 ad
887 761 974 818 urbes
988 760 1151 839 Tyriasque

102 861 210 920 recedit
226 859 355 934 Regiam.
370 857 408 915 ad
426 874 506 915 arces
525 867 671 932 terrasque
692 876 713 915 r.
728 857 893 917 Banaacont.
934 859 1006 936 Aeg.
1023 861 1152 937 tepidam

104 959 269 1036 Tyriasque
283 955 389 1015 recedit
403 956 441 1013 ad
463 973 543 1014 arces
556 954 707 1014 Bentla'us.
1131 959 1134 977 ¹

144 1057 191 1116 Ne
202 1057 249 1115 hic
259 1055 377 1132 quidem
387 1053 507 1112 Bentleii
517 1055 737 1114 emendationes
748 1073 802 1131 pro
812 1056 897 1115 certis
908 1055 1060 1116 habendae
1076 1065 1152 1117 sunt.

103 1153 162 1212 Hic
177 1151 256 1211 enim
269 1149 365 1210 locum
381 1149 422 1207 sic
436 1148 551 1206 refinxit

228 1267 286 1326 Sed
307 1264 419 1323 iuuenis
440 1264 536 1322 nudos
557 1263 698 1322 formatus
720 1264 835 1324 mollior
855 1275 933 1324 artus

225 1365 393 1440 Aegyptum
414 1362 544 1438 tepidam
566 1362 731 1439 Tyriasque
752 1364 859 1422 recedit
879 1364 917 1423 ad
938 1383 1021 1424 arces

225 1464 265 1523 Et
286 1462 411 1521 Cilicum
432 1472 535 1538 gentes
555 1461 710 1537 uicinaque
732 1461 854 1521 Caridos
876 1481 954 1521 arua.

104 1581 235 1639 Primum
250 1577 365 1636 attende
380 1576 565 1635 inconcinam
580 1576 726 1649 παρὴχησιν
737 1567 822 1635 trium
835 1596 973 1636 uersuum
985 1586 1152 1638 artusarces

104 1699 188 1737 arua.
230 1676 353 1748 Deinde,
371 1675 420 1752 qui
441 1675 554 1733 iuuenis
575 1674 690 1732 mollior
711 1684 754 1733 est
774 1694 802 1735 u.
827 1688 894 1752 797,
917 1696 969 1736 cur
990 1697 1053 1737 non
1073 1678 1152 1736 idem

104 1777 236 1835 disertius
249 1774 396 1851 Aquarius
412 1787 468 1849 799
485 1772 624 1831 dicendus
639 1774 721 1832 erati
742 1846 745 1852 ἱ

145 1895 174 1934 u.
191 1875 249 1949 798
263 1872 338 1932 male
353 1871 477 1930 Iacobus
490 1871 650 1946 Aegyptum
665 1872 695 1928 in
707 1871 862 1947 Assyriam
876 1874 998 1932 mutauit
1006 1893 1014 1946 ;
1036 1893 1104 1932 nam
1121 1883 1154 1932 ut

105 1973 219 2032 notauit
237 1970 393 2041 Bentleius,
410 1971 561 2046 Aegyptus
582 1969 673 2028 modo
695 1971 749 2028 sub
769 1971 867 2029 Ariete
886 1970 972 2051 (752)
989 1974 1078 2032 modo
1099 1975 1154 2032 sub

106 2072 228 2148 Scorpio
239 2068 324 2149 (779)
334 2069 381 2127 hic
390 2068 514 2144 denique
527 2069 581 2126 sub
590 2067 721 2145 Aquario
733 2080 876 2130 censetur.
917 2069 974 2129 Sed
985 2090 1022 2128 ne
1033 2073 1152 2148 lepidam

105 2170 223 2248 quidem
238 2166 422 2226 abiciendum
435 2184 508 2238 reor,
524 2184 591 2224 cum
605 2166 759 2243 Aegyptus
773 2179 892 2244 propter
910 2169 1045 2227 conuiuia
1060 2169 1153 2228 lusus-

105 2287 162 2346 que
173 2277 202 2325 et
215 2266 332 2326 facetias
341 2283 456 2341 semper
464 2264 568 2322 nobilis
578 2264 660 2322 fuerit
668 2263 687 2324 ¹.
723 2265 787 2322 Iam
798 2265 868 2324 illud
879 2267 921 2322 ad
927 2286 1005 2324 arces
1015 2285 1033 2324 a
1042 2265 1153 2325 Bonin-

105 2366 219 2427 contrio
230 2365 318 2436 uenit,
330 2382 399 2422 cum
408 2363 439 2419 in
450 2363 576 2439 antiquis
588 2362 737 2421 codicibus
748 2363 819 2420 nibil
828 2364 865 2421 sit
875 2364 1034 2424 eiusmodi:
1051 2384 1154 2424 omnes

105 2464 184 2524 enim
192 2463 352 2540 Aegyptum
363 2481 381 2518 a
389 2462 507 2537 lepidam
518 2462 673 2537 praebent:
685 2478 760 2519 unus
769 2460 1154 2539 GemblacensisAegyplum

106 2560 197 2594 *****
209 2563 335 2638 lepidam,
345 2558 623 2630 relicto,secundum
634 2558 836 2631 Thomasium,
848 2561 942 2636 spatio
953 2561 1081 2637 quinque
1095 2561 1154 2620 iere

104 2662 271 2720 litterarum.
313 2658 415 2734 Itaque
437 2657 461 2714 si
476 2655 683 2716 Gemblacensi
704 2658 854 2728 credimus
870 2659 974 2734 poterit
994 2677 1097 2718 uersus
1112 2661 1154 2719 sic
1190 2639 1192 2645 Ι

105 2759 211 2836 corrigi
224 2758 384 2834 Aegyptum
403 2767 491 2831 supra
510 2757 627 2832 lepzilam
649 2754 803 2832 Syrzasque
816 2759 922 2828 raeda,
938 2758 969 2815 in
988 2776 1048 2834 quo
1065 2768 1155 2833 supra

104 2859 203 2934 potius
224 2874 314 2932 quam
334 2859 420 2914 saxia
442 2855 551 2931 scripsi,
569 2873 687 2928 ,memor
709 2855 823 2914 tabulae
845 2856 1048 2929 Farnesianae,
1072 2858 1154 2915 cuius

106 2956 265 3032 imaginem
278 2954 366 3013 habet
379 2953 466 3011 editio
478 2951 647 3010 Bentleiana
659 2951 771 3010 Manilii
781 2973 790 3026 3
811 2972 881 3011 nam
896 2955 925 3012 in
940 2955 995 3014 hac
1007 2955 1154 3032 Aquarius

105 3054 219 3112 iuuenis
243 3063 287 3111 est
311 3070 434 3128 corpore
457 3060 485 3108 et
507 3050 589 3108 uultu
613 3049 748 3122 feminee,
772 3051 872 3110 dextra
893 3072 1001 3130 aquam
1024 3072 1060 3112 ex
1081 3072 1154 3111 urna

106 3151 276 3222 defundens,
291 3150 410 3226 quaein
425 3148 552 3207 subditas
567 3148 693 3207 defluere
707 3151 841 3226 regiones
856 3153 948 3228 possit
962 3152 1062 3210 uideri.

147 3248 258 3330 [Etiam
271 3248 344 3306 haec
358 3256 388 3304 ut
403 3247 509 3322 scripta
524 3256 590 3304 sunt
604 3264 621 3303 a
635 3265 682 3304 me
697 3257 806 3307 aestate
821 3250 890 3306 anni
909 3252 994 3325 1889,
1011 3251 1052 3308 sic
1067 3248 1152 3306 edidi.

105 3347 310 3407 Disseruerunt
331 3346 367 3404 de
391 3345 458 3404 loco
484 3345 571 3402 iidem
597 3346 647 3421 qui
672 3344 707 3403 de
735 3349 793 3421 778
822 3366 885 3424 sqq.
908 3347 1100 3423 Rossbergius
1124 3359 1153 3405 et

106 3447 262 3505 Breiterus.
317 3443 451 3516 Quorum
479 3441 674 3518 Rossbergius
702 3443 860 3519 Aegyptum
891 3446 921 3502 in
949 3445 1003 3502 Ad
1028 3444 1153 3519 Capram

105 3553 199 3604 mutat
206 3563 216 3618 ,·
251 3554 318 3622 post
345 3542 401 3602 hoc
429 3559 538 3600 nomen
565 3542 692 3618 regionis
722 3540 861 3621 (Leptim,
888 3539 1048 3622 Nisibimi)
1074 3553 1154 3619 putat

139 3752 149 3781 ¹
165 3745 290 3817 Vopiscus
302 3750 327 3798 in
338 3749 397 3798 Vita
409 3747 533 3797 Saturnini
547 3758 560 3811 7
572 3754 633 3797 susat
642 3748 711 3797 enim
723 3748 843 3811 Aegyptii
859 3748 924 3796 uani
940 3747 1014 3796 liberi
1028 3763 1155 3796 neccarum

106 3834 194 3868 rerum
211 3832 287 3883 usque
299 3815 335 3864 ad
342 3816 480 3864 cantilenas
486 3814 600 3878 publicas
611 3815 734 3877 cupientes
750 3815 927 3878 uersificalorcs
938 3814 1157 3877 epagrammatarii

108 3883 280 3933 artathematici
289 3882 431 3945 aanaespices
442 3881 537 3931 rraedici.
