2760 4448
246 275 309 347 154
557 276 712 327 „NOCTES
727 275 978 326 MANILIANAE

248 477 250 480 >
285 435 356 496 Non
371 445 479 496 temere
496 435 568 494 mihi
588 437 702 497 uidetur
724 436 794 495 illud
814 437 935 513 quaein
956 444 999 496 tot
1022 433 1139 510 codices
1163 433 1294 494 inlatum.

243 533 348 594 Fuitne

367 650 437 727 Ipsa
450 647 502 730 (sc.
517 646 612 727 signa)
627 649 734 710 docent
747 650 830 710 titulo
844 669 956 723 causas,
972 668 1047 728 quae
1063 649 1196 727 ecliptica
1210 649 1297 725 signa

367 749 475 808 Dixere
489 749 621 826 antiqui?

244 864 273 923 h.
288 882 314 923 e.
329 864 413 939 signa
434 865 502 941 quia
518 865 650 941 ecliptica
664 865 702 923 ab
719 865 845 943 antiquis
865 877 971 924 uocata
990 873 1057 923 sunt
1071 883 1124 940 per
1143 883 1174 923 sc
1189 863 1298 923 docent

246 980 350 1021 causas
375 963 436 1022 siue
463 963 670 1040 etymologiam
694 963 765 1022 tituli
788 964 841 1022 sui.
883 963 962 1022 Nam
987 963 1108 1039 eclipsin
1132 981 1202 1022 cum
1227 962 1297 1019 luna

245 1061 402 1138 patiuntur.

288 1155 445 1239 [Breiterus
465 1159 555 1218 uerba
575 1161 828 1236 causae—antiqui
842 1158 1015 1236 interpolata
1034 1158 1176 1220 credidit:
1202 1168 1301 1218 cetera

247 1257 288 1316 sic
303 1256 456 1316 scribenda

369 1355 439 1432 Ipsa
460 1352 570 1434 (Luna)
592 1354 679 1416 docet
699 1356 816 1415 titulos:
839 1356 946 1433 pariter
967 1356 1019 1415 sed
1039 1356 1108 1414 bina
1128 1349 1292 1434 laborant]

288 1470 343 1530 IV.
359 1473 418 1546 873
434 1488 499 1548 sqq.
515 1471 555 1529 sic
571 1471 664 1528 traditi
680 1481 747 1529 sunt
761 1468 792 1528 in
807 1470 922 1530 Gembl.

371 1583 452 1658 Quid
472 1585 551 1643 iuuat
572 1584 603 1642 in
625 1596 716 1645 semet
737 1605 789 1645 sua
810 1605 862 1663 per
883 1587 1016 1646 conuicia
1037 1585 1103 1645 ferri

368 1681 407 1742 Et
428 1683 561 1741 fraudare
582 1683 667 1742 bonis
688 1701 764 1759 quae
786 1703 840 1743 nec
862 1683 934 1744 deus
955 1685 1063 1744 inuidet
1083 1685 1147 1760 ipse

292 1785 351 1857 875
373 1781 515 1858 Quosque
537 1781 615 1840 dedit
636 1793 739 1841 natura
760 1782 862 1842 oculos
883 1782 1029 1860 deponere
1050 1783 1156 1841 mentis

373 1879 569 1956 Perspicimus
591 1880 705 1938 caelum
726 1899 777 1939 cur
799 1899 860 1940 non
881 1892 910 1941 et
930 1900 1053 1940 munera
1074 1881 1148 1940 caeli

374 1978 468 2056 Inque
489 1978 567 2054 ipsos
588 1979 703 2055 penitus
724 1980 827 2037 mundi
848 1980 1023 2040 descendere
1045 1985 1138 2038 censii

374 2075 595 2153 Seminibusque
617 2077 675 2136 suis
696 2087 808 2135 tantam
829 2096 1007 2155 componere
1028 2077 1138 2136 molem

373 2174 412 2233 Et
432 2185 547 2252 partum
569 2175 641 2234 caeli
664 2193 716 2234 sua
737 2194 789 2252 per
810 2177 926 2235 nutritia
946 2176 1019 2236 ferre

185 2321 188 2328 .
294 2276 353 2332 880
374 2272 605 2349 Extremumque
627 2274 709 2349 sequi
730 2285 846 2351 portum
868 2285 1019 2352 terraeque
1041 2274 1137 2334 subire

374 2371 532 2429 Pendentis
553 2380 661 2430 tractus
682 2381 711 2430 et
733 2382 795 2431 toto
816 2373 914 2432 uiuere
935 2374 966 2430 in
987 2375 1059 2432 orbe

374 2469 493 2541 Quanta
514 2479 542 2541 et
563 2488 631 2546 pars
651 2481 781 2545 superest
803 2472 946 2530 rationem
967 2472 1078 2531 discere
1100 2470 1203 2530 noctis.

295 2589 351 2661 877
375 2604 496 2644 censum
515 2584 583 2644 Cur.
625 2602 731 2644 census
753 2584 837 2644 Voss.2
852 2587 897 2645 bo
939 2605 1042 2646 sensus
1062 2587 1191 2662 Regzom.
1243 2587 1303 2661 879

252 2684 379 2762 partium
399 2703 423 2741 o.
466 2686 526 2741 880
548 2693 665 2758 portum
686 2685 761 2742 codd.
778 2703 868 2742 omncs
909 2694 1034 2760 pontum
1047 2684 1198 2742 Bentlezits.
1244 2686 1302 2742 882

252 2794 281 2842 et
302 2783 377 2839 codd.
392 2780 526 2839 Fortasse
547 2800 583 2840 ea
625 2780 744 2854 Quanta
758 2793 785 2840 et
800 2800 868 2858 pars
883 2792 1022 2859 superest,
1037 2783 1181 2842 rationem
1196 2783 1305 2840 ducere

254 2881 344 2939 nostis
364 2880 519 2951 Brederus,
535 2888 568 2937 ut
580 2880 735 2956 z‘nfinitz‘uos
749 2880 1305 2958 descendere-componere—serre—

255 2979 614 3056 sequi-subire—uiuere
627 2997 667 3037 ex
680 2979 771 3037 nostis
779 2981 939 3055 ponderent.

296 3077 408 3136 Causas
423 3076 470 3135 hic
485 3076 576 3135 adfert
591 3074 730 3134 Manilius
742 3095 794 3136 cur
805 3078 998 3137 astronomiae
1014 3076 1087 3135 fides
1100 3075 1238 3135 habenda
1250 3076 1304 3133 sit:

254 3196 307 3236 nec
323 3175 410 3235 deum
425 3175 503 3234 enim
518 3193 572 3234 nec
587 3185 722 3233 naturam
738 3176 855 3234 obstare
867 3194 911 3254 ¹ne
934 3176 1012 3252 leges
1027 3186 1187 3234 scrutemur
1206 3193 1305 3233 rerum

254 3275 381 3352 quaein
402 3274 541 3332 uniuerso
563 3273 675 3331 mundo
697 3282 806 3348 patent.
861 3272 891 3331 Si
913 3272 957 3332 sas
978 3284 1022 3332 est
1043 3273 1211 3332 hominibus
1233 3273 1305 3331 caeli

254 3374 359 3432 faciem
372 3372 464 3430 oculis
473 3371 584 3443 intueri,
600 3390 653 3429 cur
667 3390 727 3429 non
742 3371 848 3429 mentis
862 3371 952 3430 oculis
966 3372 1106 3448 indagare
1121 3371 1206 3430 liceat
1225 3371 1307 3430 dona

255 3472 444 3531 caelestium?
486 3471 555 3528 Hoc
577 3470 656 3528 enim
677 3489 793 3527 nounera
814 3471 886 3527 caeli
900 3470 1051 3545 significat,
1066 3488 1128 3529 non
1147 3486 1255 3526 munus
1276 3468 1307 3526 id

255 3587 315 3648 quo
341 3569 454 3628 caelum
481 3567 607 3643 fungitur
635 3564 812 3648 (873-876).
865 3567 949 3639 Quae
974 3567 1059 3644 igitur
1087 3566 1156 3626 dicit
1185 3586 1304 3624 munera

254 3669 347 3727 coeli?
378 3667 527 3726 Nimirum
541 3685 576 3726 ea
590 3684 665 3742 quae
681 3667 776 3724 statim
792 3666 940 3742 subiungit
953 3685 1006 3742 per
1016 3666 1185 3738 infinitiuos,
1200 3665 1307 3724 mundi

255 3766 396 3824 rationem
422 3782 611 3842 cognoscere,
633 3773 662 3821 et
683 3763 712 3821 in
733 3765 893 3839 primordia
915 3782 967 3822 sua
990 3764 1051 3822 siue
1073 3764 1187 3822 semina
1208 3781 1307 3822 rerum

257 3864 391 3923 reducere
407 3861 490 3941 (871,
507 3859 598 3943 878);
620 3861 692 3921 caeli
714 3862 854 3940 principia
868 3872 896 3921 et
910 3862 992 3939 quasi
1014 3862 1125 3939 primos
1146 3860 1309 3922 nutricatus
