2760 4448
162 275 204 350 84
478 283 626 334 naeres
646 280 896 331 Mnnuernnnr

161 462 255 503 mnus
270 444 390 500 retenens
399 444 524 518 grauedo
538 444 661 517 concepit
672 443 702 500 in
717 443 791 499 alno.
835 439 988 499 Feminino
1002 448 1102 498 tamen
1115 430 1208 514 posuit

161 540 299 600 Manilius
307 541 396 601 nndza
410 542 475 599 aluo
485 541 541 600 III.
554 553 622 616 377,
631 541 762 616 patulam
777 540 875 597 alnum
885 537 924 596 Il.
939 552 1014 613 253;
1030 547 1135 596 neutro
1145 537 1208 595 loco

163 639 199 697 de
214 639 342 698 mulieris
355 648 438 697 utero
451 637 560 709 dicens,
570 649 601 696 ut
614 637 662 697 hic
677 636 745 717 (III.
760 633 830 714 195)
844 635 922 706 fecit,
932 644 960 694 et
974 644 1041 695 ante
1056 653 1124 697 eum
1134 634 1208 694 fece-

160 746 227 796 rant
241 736 352 796 Caluus
365 745 394 795 et
407 736 504 796 Cinna
518 746 546 796 et
560 739 689 795 incertus
703 735 749 794 ille
763 734 842 811 apud
856 733 996 793 Nonium.

202 834 257 893 Ill.
274 854 331 910 203
347 853 411 913 sqq.
426 835 467 894 sic
482 844 580 895 extant
594 835 625 893 in
641 834 757 894 Gembl.
771 843 801 892 et
815 832 885 892 Cus.

284 933 420 993 Forsitan
440 943 468 992 et
489 951 594 1010 queras
615 932 683 1010 agili
706 950 769 991 rem
791 931 881 991 corde
900 928 1062 990 notandam

284 1028 353 1101 Qua
375 1031 486 1093 ratione
507 1049 597 1108 queas
618 1030 722 1090 natalis
742 1038 875 1106 tempore
894 1028 955 1087 nati

205 1142 262 1202 205
283 1128 455 1205 Exprimere
476 1129 611 1188 inmenso
632 1137 801 1205 surgentem
821 1127 1010 1203 horoscopon
1033 1126 1106 1185 orbe

284 1226 375 1299 Quod
396 1227 450 1286 nisi
471 1227 615 1286 substellis
636 1227 732 1286 uisum
752 1226 865 1285 ratione
886 1234 998 1284 tenetur

285 1325 489 1385 Fundamenta
509 1335 595 1384 ruunt
619 1326 689 1384 artis
710 1342 765 1384 nec
787 1333 932 1384 consonat
952 1322 1035 1383 ordo.

205 1442 262 1495 204
284 1425 389 1484 entant
403 1423 542 1482 Vossiani
564 1423 632 1495 dua,
648 1423 747 1485 Cusa
766 1421 952 1499 nataliLips.
970 1439 1008 1477 m.
1029 1439 1072 1497 pr.
1091 1430 1120 1480 et
1138 1420 1155 1478 b
1196 1439 1213 1476 a

163 1524 218 1580 tali
229 1521 366 1598 Scaliger.

207 1635 264 1694 205
286 1622 411 1678 immerso
434 1618 564 1696 Scaliger
586 1623 644 1679 206
670 1618 809 1678 substellai
829 1618 945 1679 codices
966 1617 1066 1677 subtili
1086 1615 1213 1693 Scaliger

163 1717 305 1777 ursnado.

206 1814 282 1883 Tres
302 1815 349 1879 hic
371 1817 553 1877 coniecturas
567 1815 707 1892 'Scaliger
728 1815 888 1892 proposuit,
902 1835 922 1873 a
935 1815 991 1873 tali
1004 1832 1071 1886 204,
1088 1815 1214 1871 zinmerro

166 1928 233 1988 105,
255 1915 352 1972 subtili
372 1916 440 1973 206.
496 1914 535 1973 Et
556 1914 652 1991 prima
674 1913 792 1991 quidem
817 1913 982 1990 recipienda
1005 1912 1121 1970 uidetur
1146 1895 1214 1970 cum

164 2010 307 2070 horridius
326 2022 411 2071 sonet
428 2015 533 2071 natalis
551 2020 670 2088 ternpore
689 2013 758 2083 nati,
773 2030 861 2071 sensu
882 2021 979 2070 autem
1000 2029 1061 2069 non
1083 2010 1214 2069 dissimili

163 2110 290 2186 positum
308 2109 344 2169 sit
361 2112 417 2168 tali
431 2110 487 2170 III.
504 2125 561 2186 337
577 2113 726 2186 uart'osque
744 2111 851 2187 referre
865 2108 926 2168 Sub
946 2110 1002 2167 tali
1019 2110 1129 2184 regione
1149 2110 1213 2179 dias,

166 2211 212 2266 ‘at
227 2226 245 2266 a
259 2208 345 2284 given
359 2206 450 2280 time,’
466 2209 575 2268 ‘under
588 2208 637 2267 the
651 2208 799 2285 supposed
813 2205 945 2285 quarterff

207 2305 264 2364 Sed
286 2307 397 2366 incerta
420 2316 488 2365 sunt
512 2309 648 2379 trnmersa,
672 2306 788 2375 subtili‚·
810 2325 907 2383 neque
930 2323 1060 2382 unquam
1085 2323 1144 2382 ego
1165 2303 1214 2362 sub

164 2405 249 2462 stellis
276 2404 338 2463 uidi
368 2423 404 2463 ex
432 2405 532 2463 nubta'li
559 2415 663 2473 ortum,
694 2415 726 2465 ut
755 2403 884 2480 Scaliger
911 2403 1095 2480 arrogantius
1128 2402 1213 2462 adse-

164 2501 284 2560 uerauit.
320 2499 428 2562 Merito
441 2501 537 2578 Fayus
556 2513 586 2562 et
602 2512 669 2578 post
688 2520 756 2561 eum
771 2501 928 2562 Stoeberus
941 2503 1071 2560 rhemense
1085 2510 1214 2561 tutantur

165 2619 202 2659 ex
225 2619 252 2660 u.
280 2614 337 2673 215
362 2607 456 2658 tantae
480 2602 559 2659 molis
581 2602 727 2659 rnrnirnum
751 2601 912 2675 deprendere
932 2606 1074 2676 prunetum,
1096 2617 1165 2658 cum
1186 2601 1214 2658 in

165 2707 289 2773 utroque
309 2698 377 2757 loco
399 2698 566 2775 respiciatur
586 2699 766 2761 immensitas
787 2699 868 2772 caeli,
890 2698 973 2763 cuius
991 2699 1022 2756 in
1042 2706 1124 2757 tanto
1146 2699 1215 2759 orbe

68 2780 73 2790 ⁶
166 2806 303 2872 tantaque
324 2796 506 2855 multitudine
528 2796 654 2855 siderum
668 2797 850 2874 horoscopus
870 2798 921 2855 uix
942 2796 1104 2873 indagetur.
1149 2795 1216 2858 Scio

166 2894 190 2950 I.
217 2897 285 2966 829,
313 2897 373 2969 830
400 2895 555 2970 caelumque
579 2897 683 2953 rediret
702 2894 870 2953 Immensum
894 2902 920 2952 et
941 2914 1034 2953 somno
1057 2900 1144 2953 toturn
1172 2896 1215 2952 de·

160 2993 308 3066 prenderet
325 2992 424 3063 arbem,
440 2992 479 3053 II.
498 2996 537 3065 46
561 2992 637 3064 Quin
658 2996 740 3052 etzarn
761 2995 877 3052 tenebrz's
897 2995 1056 3052 emmensurn
1076 2999 1215 3064 tartaron,

166 3089 286 3148 fortasse
310 3090 397 3148 etiam
422 3090 446 3149 Ι.
475 3095 540 3165 176,
565 3103 581 3166 7
606 3090 668 3151 Nec
693 3094 837 3150 matutrnir
846 3093 978 3171 fulgeret
995 3091 1117 3169 Lucffer
1139 3092 1217 3150 hores

166 3187 312 3264 Hesperus
339 3190 468 3247 immenso
495 3191 609 3247 dederat
634 3191 686 3264 qui
710 3191 800 3248 lunen
832 3189 956 3266 Olympo,
985 3189 1092 3248 eodem
1119 3207 1218 3249 errore

166 3297 303 3362 corrupta
316 3287 395 3345 credi
414 3289 576 3346 r'rnnensurn
594 3290 731 3347 z'rnnenra.
772 3289 811 3347 At
830 3307 869 3347 ne
887 3288 958 3347 haec
977 3287 1096 3365 quidem
1115 3288 1216 3363 explo-

167 3394 227 3447 rate
251 3384 355 3443 uitiosa
380 3395 456 3444 sunt.
499 3384 578 3444 Nam
599 3386 622 3444 I.
648 3389 714 3460 176,
738 3399 754 3459 7
777 3386 851 3446 adeo
872 3404 934 3445 non
955 3385 1063 3462 placuit
1085 3384 1217 3445 Bentleio

167 3480 237 3541 illud
256 3484 393 3552 rinmerso,
415 3484 584 3569 praesertim
605 3493 764 3560 praeeunte
784 3484 938 3544 submersos
954 3483 984 3542 in
1004 3501 1033 3543 u.
1052 3495 1119 3558 175,
1134 3494 1167 3542 ut
1181 3485 1217 3544 de

167 3597 221 3638 suo
249 3590 403 3657 reponeret
429 3579 560 3641 ananeel
604 3581 662 3642 Sed
692 3583 806 3642 retineri
834 3583 929 3659 potuit
958 3585 1109 3641 z'rnmenso:
1148 3601 1218 3641 nam

168 3679 218 3754 qui
239 3697 326 3738 mane
347 3680 421 3739 inter
434 3697 527 3755 pauca
547 3679 637 3756 fulget
658 3679 774 3740 Lucifer
795 3681 897 3753 sidera,
917 3681 996 3740 idem
1017 3690 1103 3740 nocte
1123 3689 1218 3741 totum

168 3776 283 3836 caelum
296 3777 447 3848 illuminat,
462 3778 535 3835 inter
551 3778 705 3838 innumera
719 3779 813 3838 sidera
827 3779 1006 3856 conspicuus
1021 3779 1184 3856 Hesperus.

200 3896 210 3924 ¹
227 3897 266 3946 Ex
276 3898 366 3949 ultimo
377 3913 449 3949 uersu
461 3899 518 3949 libri
526 3899 550 3948 V
559 3898 689 3964 suspiceris
697 3915 743 3965 pro
750 3901 870 3950 immenso
881 3900 1037 3951 scribendum
1048 3916 1102 3951 esse
1113 3901 1216 3992 13111111.
