2760 4448
209 437 344 517 Denique
358 458 443 500 uersu
461 444 517 500 206
533 443 641 519 optime
656 444 757 521 legitur
772 445 801 502 111
815 446 963 505 codicibus

291 538 381 610 Quod
402 541 457 598 nisi
479 543 533 599 sub
554 542 640 600 stellis
660 543 756 600 uisum
777 545 888 602 ratione
909 554 1030 614 tenetur,

168 654 237 694 curn
258 655 394 714 expresse
415 639 489 698 inter
510 658 541 698 se
562 649 751 716 opponantur
771 642 822 699 sub
841 644 927 700 stellet
947 645 1040 700 urium
1060 650 1088 701 et
1108 644 1216 701 rateane

165 741 280 794 tenetur.
322 734 405 795 Prius
431 737 510 796 enim
537 739 589 796 sub
615 740 719 797 stettei¹
747 738 814 798 be.
840 740 907 799 loco
934 758 989 800 suo
1016 741 1092 799 inter
1119 741 1215 800 stellas

165 833 239 892 caeli
267 835 412 911 uestigant
447 836 525 895 oculi
558 837 608 895 ubi
636 838 752 914 signum
782 837 982 914 horoscopans
1018 839 1072 911 sit;
1108 839 1213 898 deinde

165 932 224 991 hoc
240 932 339 992 animo
354 952 390 993 ac
412 936 518 993 rata'ane
537 936 733 995 astronomica
747 943 861 995 tenetur.
902 937 1038 996 Martiam
1054 937 1164 1014 Capell.
1177 939 1213 996 vi.

166 1044 226 1105 579
249 1032 353 1090 ardebis
373 1034 435 1091 attic
456 1035 571 1111 depingi
591 1037 728 1110 quidquid
746 1036 839 1094 uerbz‘s
859 1039 951 1094 utrum
973 1056 1028 1094 nan
1047 1039 1142 1095 uaeas
1162 1057 1213 1096 ex-

157 1131 279 1205 plicare.

207 1229 264 1287 lIl.
283 1243 422 1304 211-217
439 1231 480 1289 sic
494 1241 591 1289 extant
606 1232 636 1289 in
650 1230 765 1291 Gembl.

290 1326 347 1386 Sed
368 1339 478 1405 quanta
498 1329 603 1389 effectu
625 1348 670 1389 res
691 1339 734 1389 est
756 1340 816 1389 tam
837 1331 924 1408 plena
944 1330 1052 1390 laboris

209 1443 266 1483 212
290 1425 430 1485 Cursibus
450 1428 573 1486 aeternis
594 1429 738 1486 mundum
760 1447 812 1505 per
834 1430 917 1506 signa
940 1430 1088 1489 uolantem

288 1522 328 1581 Vt
348 1533 441 1583 totum
462 1524 560 1584 lustret
581 1527 708 1585 curuatis
728 1528 853 1586 arcubus
874 1528 974 1587 orbem

288 1621 440 1698 Exprimet
460 1632 488 1682 et
508 1623 605 1682 uultus
627 1625 689 1682 eius
710 1642 887 1701 componere
908 1635 1003 1685 certos

207 1733 265 1794 215
288 1719 332 1777 Ac
355 1728 452 1780 tantae
471 1721 557 1780 molis
578 1722 732 1781 minimum
752 1724 961 1800 comprendere
982 1732 1124 1801 punctum

287 1819 372 1891 Quae
392 1838 461 1897 pars
481 1830 615 1880 exortum
636 1822 684 1880 uel
705 1840 779 1899 quae
800 1822 913 1898 fastigia
935 1823 1036 1881 mundi

286 1917 406 1977 Auferat
426 1937 547 1978 occasus
568 1921 698 1978 antimo
720 1921 825 1980 sederit
846 1921 957 1980 orbem.

208 2035 265 2091 213
288 2015 329 2076 Vt
359 2017 445 2075 Vars.²
468 2018 515 2076 ba.
557 2017 596 2076 Et
628 2015 712 2077 Vass.¹
736 2017 806 2082 Cur.
850 2038 907 2091 214
928 2019 1079 2096 Exprimet
1110 2020 1213 2076 cadz'ces

157 2123 272 2190 praeter
286 2116 325 2173 ba
359 2115 512 2193 Exprimat
526 2117 542 2174 b
555 2116 727 2193 Exprimere
741 2137 757 2176 a
769 2137 831 2176 cum
845 2120 884 2175 ed.
896 2117 1025 2194 Regiam.
1040 2125 1066 2176 et
1078 2116 1212 2175 Romana

164 2218 238 2274 anni
259 2229 346 2289 1510,
366 2222 393 2273 et
412 2216 453 2273 sic
470 2216 630 2292 carrzgebat
650 2215 758 2276 Carrei>
779 2218 878 2293 Antiq.
900 2216 977 2275 Lect.
998 2218 1016 2276 i.
1042 2230 1077 2290 15
1116 2228 1213 2276 certus

170 2314 257 2373 Vara.2
272 2332 295 2371 a.

206 2429 264 2488 215
287 2413 464 2489 deprendere
493 2413 628 2485 Vasstam',
649 2413 696 2484 ba,
714 2414 790 2488 quad
809 2421 835 2473 et
856 2412 963 2473 Carrio
984 2413 1109 2472 malebat.
1154 2426 1209 2486 217

163 2509 222 2570 Aut
243 2511 314 2571 ferat
334 2511 462 2587 Regiam.
503 2511 562 2569 ima
584 2509 668 2569 Vara.1
689 2510 755 2570 Cur.
773 2513 876 2570 orbern
900 2510 967 2570 Cas.
983 2511 1062 2586 Lz'ps.
1083 2511 1216 2570 Varciani

165 2611 235 2668 orbe
249 2610 264 2668 b
279 2629 302 2669 a.
346 2612 413 2681 216,
432 2621 487 2684 217
503 2615 638 2684 tanquam
652 2611 764 2685 spaeram
778 2611 927 2667 damnauit
938 2609 1094 2667 Braterus.

203 2708 240 2766 In
262 2708 319 2767 hoc
340 2707 407 2766 loco
427 2707 565 2783 pleraque
587 2707 645 2765 iam
667 2715 797 2766 correcta
817 2706 904 2766 habet
925 2726 948 2766 a.
990 2706 1069 2765 Nam
1088 2726 1145 2782 213
1169 2707 1210 2781 Vt,

166 2824 223 2877 214
245 2804 428 2881 Exprimere,
453 2817 509 2878 215
532 2790 700 2880 deprendere,
723 2805 764 2862 sic
789 2805 908 2862 suntin
929 2824 952 2863 a.
994 2804 1031 2863 Et
1052 2806 1213 2880 deprendere

165 2903 280 2982 quidem
298 2914 359 2963 tarn
378 2912 546 2963 constanter
564 2911 711 2978 praestant
725 2903 812 2962 ceteri
833 2902 960 2974 codices,
975 2913 1006 2961 ut
1023 2903 1214 2979 comprendere

165 3003 243 3080 quod
264 3011 309 3062 est
329 3003 359 3060 in
376 3001 582 3061 Gemblacensi
600 3002 649 3059 uix
663 3001 788 3078 potuerit
803 3001 857 3060 nisi
872 3020 909 3061 ex
923 3002 1044 3078 repetita
1058 3002 1211 3078 prouenire

165 3101 274 3178 syllaba
294 3120 353 3158 cam
374 3119 392 3158 a
413 3117 471 3176 qua
492 3099 591 3176 incipit
611 3109 765 3174 componere
784 3100 814 3157 in
836 3117 910 3172 ²143
936 3100 1046 3159 accedit
1067 3099 1148 3177 quod
1168 3101 1212 3156 de-

161 3200 295 3277 prendere
327 3198 436 3258 editum
468 3206 511 3257 est
543 3197 630 3256 etiam
660 3199 690 3255 in
718 3198 893 3257 editionibus
921 3197 1157 3272 Regiomontana
1184 3206 1213 3255 et

166 3298 302 3358 Romana
316 3311 439 3371 a.1510.
481 3295 595 3354 Mireris
610 3295 695 3372 igitur
708 3296 738 3355 in
753 3296 797 3355 ed.
814 3295 928 3354 Molinii
942 3315 969 3355 a.
987 3310 1061 3371 1551
1078 3305 1212 3372 corrupte

165 3408 262 3456 extare
284 3395 450 3473 Exprz'me;
476 3405 504 3455 et
529 3395 700 3455 Carrionem
723 3393 823 3472 Antiq.
849 3393 971 3453 Lecti.
997 3407 1042 3468 15,
1068 3394 1118 3471 qui
1143 3394 1213 3453 liber

165 3495 342 3572 Antuerpiae
370 3495 477 3573 prodiit
504 3496 592 3570 1576,
617 3495 747 3571 potuisse
776 3494 877 3574 dicere¹
897 3494 1071 3570 ‘legendum
1098 3492 1212 3552 conicio

197 3643 205 3672 ¹
223 3642 420 3694 Retinendumne
437 3648 473 3692 est
485 3643 506 3691 1.
518 3641 565 3691 612
576 3643 733 3706 mediumque
743 3641 789 3690 sub
799 3641 876 3690 astris
890 3639 1067 3690 Centaurum?
1088 3639 1147 3689 Scio
1164 3640 1215 3705 ple·

166 3738 251 3788 rosque
262 3721 382 3786 Scaligeri
393 3720 588 3770 emendationem
600 3720 720 3784 recepisse
731 3719 775 3768 sub
786 3719 894 3768 austris:
909 3720 952 3768 sed
965 3719 1040 3767 uerba
1049 3718 1157 3766 medium
1169 3719 1214 3767 sub

167 3802 238 3850 astris
251 3802 410 3851 Centaurum
420 3814 470 3848 non
481 3798 546 3848 male
562 3797 760 3861 interpretaberis
774 3812 830 3846 eam
844 3803 939 3861 partem
952 3795 1067 3845 Centauri
1083 3811 1131 3858 qua
1143 3804 1213 3860 parte

167 3881 271 3930 medium
283 3880 336 3929 eius
348 3892 437 3942 eorpus
448 3883 515 3927 astra
524 3876 649 3928 definiunt.
