2760 4448
216 299 279 368 172
497 366 501 376 Ι
526 293 674 346 macras
693 287 942 344 mariamnae

214 452 387 532 sanguinem
416 454 481 512 eius
510 454 645 531 quamuis
673 453 813 530 exiguum
841 450 970 509 exhibuit
999 445 1068 530 (viii.
1099 442 1269 524 380-38glss

217 551 299 612 Tum
313 551 406 612 meriti
420 553 483 611 eius
497 569 619 611 consors
632 551 725 611 factus
739 550 908 627 Meleagros
923 567 1026 626 apmm
1040 545 1184 606 interfecit

338 675 436 753 Atque
457 674 496 734 ita
517 679 619 735 ‘sume
640 675 698 733 mei
719 675 852 751 spolium,
874 671 1032 742 Nonacria,
1053 665 1140 741 iuris,’

337 773 419 832 Dixit
440 778 486 833 ‘et
506 774 537 831 in
557 784 669 851 partem
689 774 788 833 ueniat
808 791 874 830 mea
892 770 987 854 gloria
1008 767 1122 828 tecum.'

215 897 319 975 Itaque
339 902 466 956 canatum
476 897 563 973 ferre
583 897 625 956 sic
646 897 827 975 interpretor,
844 895 970 954 uoluisse
991 892 1177 968 Meleagrum
1198 905 1266 946 sese

217 1004 383 1055 consortem
397 994 458 1053 fieri
471 995 625 1054 Atalantae
644 1013 712 1054 cum
732 1013 834 1071 aprum
848 993 1027 1052 interficeret.
1069 989 1144 1048 Mox
1158 1006 1188 1045 u.
1206 989 1262 1043 181

216 1100 243 1151 et
262 1112 347 1169 quam
368 1101 445 1152 recte
467 1092 542 1151 tradi
561 1092 673 1150 uidetur
683 1111 692 1164 3
717 1111 799 1152 suern
821 1090 1014 1169 Calydoniam
1035 1087 1185 1164 significat.
1229 1084 1266 1141 In

218 1192 320 1251 ceteris
334 1191 486 1267 singularis
501 1202 544 1250 est
563 1192 677 1250 bonitas
696 1191 805 1250 codicis
826 1187 913 1250 Voss.²
929 1189 978 1267 qui
1001 1187 1079 1247 solus
1099 1203 1136 1244 ex
1158 1183 1267 1242 nostris

216 1299 345 1367 praestat
364 1291 466 1360 uellere,
481 1308 534 1348 nec
552 1308 619 1349 curn
637 1289 753 1368 reliquis
769 1291 921 1348 rmutandus
934 1306 1034 1366 praue,
1050 1284 1102 1344 sed
1116 1283 1267 1342 mutandus

217 1388 318 1447 leuiter
332 1397 501 1464 corruptum
518 1407 555 1446 ex
569 1391 725 1447 metumdus
739 1386 793 1467 (sic
813 1389 872 1448 iam
895 1384 1034 1466 Scaliger)
1049 1385 1145 1442 habet.
1185 1381 1267 1440 Nam

218 1486 289 1564 quid
312 1497 355 1548 est
378 1488 461 1546 saluis
488 1489 666 1545 rmutandus)
706 1488 815 1563 Aperte
842 1487 995 1562 requiritur
1022 1483 1052 1541 id
1079 1480 1160 1559 quod
1183 1481 1267 1538 sz'luz's

216 1584 439 1660 explicationem
460 1602 542 1643 suam
567 1585 686 1644 adferat.
728 1586 833 1662 Itaque
858 1584 1001 1660 Quamque
1020 1580 1186 1640 retinuerim
1207 1578 1266 1636 hoc

218 1701 324 1741 sensu:
349 1685 474 1758 puellam
501 1690 660 1742 sternentem
688 1681 794 1763 (suem)
823 1692 943 1759 tamque
972 1680 1160 1740 metuendam
1188 1677 1267 1735 siluis

217 1800 302 1857 quam
326 1782 407 1838 saluis
429 1786 491 1838 erat
513 1782 669 1840 metuendus
691 1782 824 1854 Actaeon,
853 1787 886 1838 at
908 1786 971 1838 ante
993 1798 1077 1855 quam
1102 1794 1120 1835 a
1145 1776 1269 1835 canibus

219 1880 372 1939 dilaniatus
386 1890 438 1938 est.
467 1880 505 1938 Et
516 1880 573 1940 hoc
587 1881 705 1957 quidem
714 1890 747 1940 at
755 1882 814 1940 iam
824 1881 951 1940 Iacobus
966 1879 1148 1939 coniecerat:
1171 1885 1268 1935 cetera

219 1988 286 2038 ante
302 1997 348 2038 me
362 1997 450 2037 nemo
464 1979 626 2056 explicauit.

261 2076 381 2150 V.184,
399 2079 455 2152 185

872 2178 1017 2237 ducuntur
1037 2186 1066 2235 et
1086 2174 1141 2252 ipsi

342 2273 464 2333 Retibus
485 2284 513 2333 et
534 2275 671 2336 claudunt
692 2295 813 2354 campos
833 2277 987 2337 formidine
1009 2274 1145 2344 †mortis‚

221 2413 262 2473 sic
278 2412 404 2486 Gembl.‚
420 2415 470 2474 sed
492 2415 652 2493 Lipsiensis
673 2436 740 2476 cum
757 2415 855 2477 Voss.²
875 2416 963 2476 habet
984 2421 1096 2474 mantes.
1139 2412 1169 2471 Si
1191 2421 1272 2471 recte

221 2512 359 2571 traditum
377 2522 420 2571 est
434 2516 540 2585 mortui,
555 2515 609 2572 lac
622 2533 677 2592 pro
695 2522 722 2573 et
738 2516 911 2592 scripserim,
927 2515 954 2573 h.
965 2533 990 2573 e.
1006 2513 1116 2572 retibus
1130 2510 1272 2570 claudunt

222 2628 345 2686 campos
368 2629 443 2687 quae
468 2620 608 2689 tanquam
631 2613 758 2672 formido
787 2615 883 2691 aliqua
910 2613 1012 2672 mortis
1039 2612 1174 2670 timorem
1203 2609 1274 2668 ieris

222 2708 380 2768 incutiant:
408 2720 441 2768 ut
449 2710 611 2787 formulam
631 2711 738 2788 duplici
760 2712 889 2789 quodam
912 2731 1001 2772 sensu
1021 2710 1201 2781 adhibeatur,
1224 2705 1271 2787 (ι)

222 2807 375 2883 indaginis,
400 2805 445 2889 (π)
471 2809 592 2881 timoris,
619 2827 678 2887 qua
706 2811 917 2888 significatione
943 2809 1096 2870 Lucretius
1118 2807 1191 2866 dixit
1215 2826 1272 2864 nan

224 2907 369 2965 minimam
385 2914 497 2982 partem
520 2910 618 2966 martis
632 2908 795 2985 farmzalz‘m
819 2912 945 2970 aluntur.
986 2909 1026 2967 Et
1051 2906 1144 2966 solent
1166 2915 1273 2981 poetae

223 3003 322 3064 ludere
336 3005 367 3061 in
381 3004 435 3063 hac
450 3004 557 3082 duplici
571 3007 783 3083 significatione
797 3009 942 3067 uocabuli.
985 3007 1104 3065 Nemes.
1120 3003 1195 3080 Cyn.
1211 3020 1271 3076 303

223 3121 287 3181 sqq.
302 3103 393 3161 Linea
407 3105 474 3177 quin
488 3106 571 3163 ettam
585 3124 701 3181 magnas
714 3108 889 3166 circumdare
902 3108 991 3165 sallus
1005 3104 1081 3177 Quae
1088 3104 1182 3179 posset
1193 3102 1276 3159 ualu-

223 3220 333 3276 cresque
354 3209 439 3260 metu
457 3204 652 3261 concludere
664 3207 798 3280 praedas,
814 3205 941 3282 Dz'gerat
957 3207 1079 3263 annexas
1093 3221 1147 3260 non
1162 3220 1220 3258 una
1233 3219 1276 3257 ex

224 3302 290 3358 alite
295 3301 412 3376 pererras.
446 3299 578 3377 Namque
591 3322 672 3360 ursos
685 3323 851 3380 magnosque
864 3323 925 3361 ruer
941 3300 1218 3378 ceruasquesugacer
1231 3295 1279 3354 Et

224 3399 320 3475 uulpar
338 3417 467 3475 acresque
483 3401 561 3475 lupos
580 3421 627 3458 ceu
635 3402 769 3479 fulgura
785 3404 857 3460 caeli
871 3402 1043 3478 Terrzficant
1059 3401 1162 3475 lr'rrr'que
1179 3402 1279 3455 uetant

226 3499 418 3556 transcendere
431 3505 542 3574 septum.
571 3498 639 3556 Has
653 3502 744 3576 e'gz'tur
754 3503 835 3558 uaria
850 3499 1065 3577 semperfucare
1079 3515 1178 3555 uenena
1192 3494 1276 3554 Cura

225 3597 280 3654 tibi
297 3598 438 3673 neuer'sque
457 3599 529 3656 aliar
547 3600 658 3656 marcere
674 3600 773 3657 calores
785 3598 969 3675 Alternurque
989 3603 1091 3655 metus
1109 3595 1277 3670 subtegmine

227 3695 332 3752 tendere
365 3697 454 3772 longo.
496 3694 561 3755 Nec
595 3705 693 3755 tamen
724 3697 831 3756 infitior
864 3696 991 3775 potuisse
1026 3705 1137 3769 campos
1171 3691 1276 3750 uitium

228 3791 355 3852 trahere:
390 3812 444 3870 pro
472 3813 539 3871 quo'
561 3794 584 3854 si
612 3815 696 3853 canas
723 3813 859 3872 reponas
886 3795 993 3856 locutio
1021 3794 1076 3853 erit
1098 3789 1276 3867 Vergiliana,

228 3890 266 3950 G.
287 3891 305 3949 i.
328 3912 364 3967 43
388 3894 452 3953 Vere
474 3914 543 3953 naua
561 3894 672 3971 gelidus
692 3897 771 3954 canr's
791 3914 852 3955 cum
874 3893 1010 3954 mantibus
1032 3911 1112 3952 umor
1128 3890 1278 3967 liquitur.
