2760 4448
162 285 225 334 202
472 279 621 331 NOCTES
640 273 893 332 MANILIANAE

161 459 214 500 ars
227 439 305 500 lori?
345 436 424 499 Nam
434 431 551 519 facturn
564 457 619 518 pro
633 458 670 500 eo
684 441 765 519 quod
779 440 892 518 planius
900 433 968 500 ¹arte
976 433 1093 520 stratum
1108 437 1212 499 dicitur

159 538 240 616 idem
260 537 365 598 Cicero
389 540 420 597 in
447 539 553 598 eodem
577 539 651 599 libro
675 523 824 617 usurpauit
849 539 886 599 de
907 539 989 600 Orat.
1014 539 1053 597 iii.
1079 543 1129 611 48.
1154 540 1210 610 184

161 639 312 697 orationem
332 657 403 714 quae
423 639 531 715 quidm
551 640 591 696 sit
606 639 698 715 polita
719 645 801 714 atque
812 638 901 716 saeta
921 638 1127 715 quodammodo.
1173 635 1212 694 Et

162 736 204 796 sic
219 737 359 796 Horatius
373 742 507 794 naturane
527 733 621 796 Lucili
640 737 743 795 rudem
761 746 790 796 et
806 737 1031 814 incompositam
1040 737 1138 814 factis
1152 741 1213 793 arte

162 835 294 895 uersibus
321 836 458 912 opposuit
483 834 511 893 S.
534 835 552 892 i.
578 853 623 894 10.
646 848 683 911 37
713 853 779 893 nune
803 836 891 908 e'lle'res,
915 854 983 894 nura
1011 853 1109 893 rerum
1137 833 1212 891 dura

162 934 278 1008 negauit
316 932 471 993 Versiculos
505 938 611 991 natura
645 934 738 1009 mage's
764 933 865 1011 factos
897 938 925 991 et
956 934 1047 991 euntis
1080 930 1213 990 Mallius.

163 1031 279 1090 Deinde
302 1030 499 1107 intelligebam
522 1031 693 1090 insolentius
720 1032 827 1090 mutari
855 1032 1019 1092 orationem
1042 1048 1079 1090 ex
1108 1028 1213 1108 plurali

38 1111 40 1115 ⁷
64 1117 66 1121 ¹
161 1135 268 1188 creatos
282 1129 319 1188 ad
333 1129 478 1205 singulare
485 1130 579 1206 possit
590 1147 631 1188 sc.
640 1137 783 1189 matrona

202 1244 231 1286 u.
248 1243 306 1304 524
323 1227 451 1304 Scaliger
464 1246 502 1286 ex
516 1228 683 1287 coniectura
702 1227 815 1304 scripsit
834 1226 982 1287 Naturam
1001 1246 1096 1286 eruere
1109 1244 1213 1284 omnem

162 1325 303 1403 orbemque
317 1328 453 1385 inuertere
466 1327 599 1403 praedae,
616 1325 840 1403 suffragantibus
859 1335 888 1385 et
907 1326 1009 1385 ceteris
1026 1335 1056 1384 et
1069 1323 1212 1384 Bentleio.

164 1424 249 1485 Solus
275 1423 410 1484 Barthius
442 1435 580 1501 granum
607 1424 639 1483 id
670 1425 797 1502 recipere
819 1424 900 1502 quod
924 1425 954 1483 in
983 1423 1065 1484 nullo
1098 1431 1210 1483 extaret

158 1524 274 1595 ¹codice,
296 1523 440 1583 scribebat
461 1522 650 1599 pessumdato
670 1533 764 1581 metro
787 1521 935 1581 Naturam
956 1541 1050 1581 eruere
1070 1521 1213 1596 orbemque

163 1623 340 1680 r'nteruertere
359 1621 490 1697 praeda:
519 1621 599 1679 cuius
620 1620 773 1680 inuentum
794 1623 972 1680 interuertere
992 1621 1032 1679 ita
1052 1620 1158 1679 admisi
1179 1631 1211 1678 ut

163 1730 251 1780 staret
265 1720 440 1791 hexameter,
456 1719 498 1780 N.
512 1739 606 1777 eruere
618 1726 700 1795 atque
712 1719 802 1778 orbem
817 1722 996 1779 interuertere
1010 1720 1145 1796 praedae.

116 1890 119 1895 ¹
205 1818 243 1878 V.
259 1833 328 1894 529,
344 1832 403 1893 530
418 1817 459 1878 sic
473 1828 574 1877 extant
586 1818 618 1876 in
632 1817 762 1877 Gembtr

286 1916 408 1975 Protulit
428 1925 460 1975 ut
480 1915 589 1993 legeret
609 1935 714 1976 census
736 1917 898 1995 spumantis
918 1917 949 1975 in
969 1903 1074 1976 aurum

284 2014 325 2073 Et
345 2014 524 2092 perlucentes
546 2025 663 2092 cuperet
684 2033 823 2091 prensare
843 2015 965 2092 lapillos.

207 2129 265 2190 529
288 2112 408 2172 Partulit
429 2113 484 2172 ab.
526 2128 585 2189 530
603 2131 741 2190 prensare
762 2111 848 2172 Voss?
866 2135 882 2172 o
898 2114 984 2190 piare
1000 2113 1069 2174 Cur.
1087 2134 1213 2193 pensare

172 2211 259 2272 Voss.1
719 2205 721 2208 ’

206 2311 292 2371 Haec
307 2310 348 2371 sic
363 2310 474 2370 correxi
489 2311 520 2368 in
534 2309 614 2370 Diar.
632 2309 736 2370 Philol.
749 2309 918 2387 Cantabrig.
933 2309 950 2370 l.
960 2329 986 2370 c.

246 2432 248 2438 ⁴
287 2410 408 2470 Protulit
428 2420 460 2468 ut
480 2410 589 2487 legeret
609 2428 714 2469 census
735 2410 884 2468 summatis
905 2411 935 2468 in
956 2429 1025 2470 aure

287 2509 326 2567 Et
345 2508 529 2586 perlucentes
551 2518 667 2585 cuperet
689 2527 812 2586 pensare
833 2508 958 2585 lapillos.

166 2606 296 2667 Protulit
313 2606 453 2684 Cassiope
473 2606 610 2684 produxit
632 2607 663 2665 in
686 2608 799 2665 tantum
821 2607 942 2684 peritiae
967 2609 1022 2667 sub
1043 2626 1099 2669 suo
1121 2609 1215 2669 sidere

166 2715 264 2765 ortum
285 2712 318 2763 ut
335 2707 435 2781 legeret
453 2707 484 2763 in
505 2724 576 2763 aure
595 2706 742 2763 summatis
764 2706 928 2765 aestimaret
950 2725 987 2765 ex
1011 2709 1105 2783 pretio
1132 2726 1214 2785 gem·

166 2821 281 2862 marum
296 2821 368 2881 quas
383 2805 414 2862 in
433 2804 549 2862 auribus
568 2811 703 2862 matrona
716 2803 851 2880 primaria
870 2806 1001 2880 gestabat
1015 2825 1111 2864 census
1125 2824 1214 2885 quam

167 2901 248 2961 diues
261 2910 354 2961 esset:
375 2902 489 2961 ‘skilful
507 2901 626 2978 enough
644 2911 675 2961 to
694 2901 764 2960 read
782 2911 811 2960 at
830 2921 847 2960 a
866 2902 970 2978 glance
989 2903 1037 2962 the
1053 2905 1171 2963 income
1184 2903 1218 2962 oi

167 3020 185 3060 a
207 2999 294 3062 noble
316 2999 383 3077 lady
403 3000 434 3058 in
457 3000 508 3060 her
532 2998 678 3077 earrings,’
701 2998 769 3059 Sen.
790 2999 826 3058 de
850 3019 921 3059 rem.
942 3001 1124 3060 fortuitorum
1147 3001 1216 3060 Duc

166 3099 230 3160 bene
262 3100 426 3169 institutam,
459 3118 514 3157 non
549 3099 684 3156 maternis
716 3099 892 3174 irequinatam
926 3101 1015 3172 ue‘te'e's,
1045 3119 1100 3158 non
1135 3101 1214 3159 curies

166 3199 305 3257 aurr‘culis
325 3200 463 3273 utrinque
476 3199 655 3274 patrimonia
675 3197 741 3257 bena
762 3198 932 3274 dependeant.
974 3197 1049 3257 Dial.
1064 3198 1111 3256 vii.
1132 3213 1176 3274 17.
1197 3218 1213 3256 a

167 3315 257 3374 quare
275 3315 354 3356 uxor
375 3302 424 3354 tua
444 3297 584 3372 locupletes
603 3297 705 3354 domm
719 3314 828 3354 censum
848 3297 968 3355 auribus
984 3298 1086 3372 gerit?
1127 3297 1214 3374 Prop.

168 3396 207 3455 iii.
224 3414 269 3471 13.
287 3414 332 3467 11,
350 3413 384 3452 12
405 3391 546 3453 Matrona
560 3395 662 3452 incedit
673 3413 768 3452 census
789 3395 889 3453 e‘nduta
909 3402 1043 3471 nepotum,
1063 3392 1109 3452 Et
1125 3397 1214 3472 spolia

168 3495 312 3571 obprobrii
322 3495 419 3552 nostru
432 3503 487 3569 per
500 3513 552 3551 ora
566 3494 664 3551 trahet.

209 3592 245 3650 V.
262 3594 328 3667 546,
345 3605 403 3667 547
419 3590 455 3650 de
469 3591 658 3650 Andromeda
676 3591 801 3669 loquens
821 3601 910 3668 poeta
928 3591 1002 3664 dicit,
1018 3592 1212 3672 quemadmo-

168 3691 240 3754 dum
254 3691 389 3750 traditum
403 3699 446 3749 est
460 3690 491 3748 in
504 3688 621 3749 Gembl.

290 3789 349 3848 Hic
369 3788 521 3847 himeneus
540 3798 602 3849 erat
623 3788 742 3867 solaque
763 3788 880 3867 publica
900 3787 1030 3867 dampna

290 3886 348 3952 Pro
369 3888 444 3948 natis
464 3887 618 3948 lacrimans
639 3899 758 3948 ornatur
778 3888 897 3949 uictima
917 3907 1021 3965 paena.
