2760 4448
247 279 293 346 34
560 274 709 325 NOCTES
728 274 981 325 MANILIANAE

284 449 323 509 11.
341 462 478 526 171-177
502 451 544 511 sie
558 459 658 511 extant
672 451 702 510 in
717 449 833 512 Gembl.

365 548 405 608 Vt
427 550 624 626 Capricornus
644 560 674 609 et
694 551 741 610 hic
762 551 812 628 qui
833 551 1097 629 intentumdirigit
1117 570 1220 614 areum
1295 596 1298 603 -

365 646 484 707 Iunctus
505 666 584 726 equo
604 667 671 725 pars
691 648 759 708 huic
781 649 840 709 oris
859 648 911 708 sed
932 649 1012 708 nulla
1034 650 1146 726 prioris.

364 745 433 805 Hoc
454 764 572 823 quoque
594 747 770 806 seruandum
791 757 835 806 est
855 747 913 807 alta
934 748 1090 816 discrimen
1112 749 1142 807 in
1164 759 1226 809 arte

364 843 460 902 Distat
480 845 560 903 enim
580 845 689 922 gemini
711 845 770 903 duo
792 846 849 904 sint
870 845 996 921 duplane
1018 846 1121 922 ligura.

285 951 341 1016 175
363 940 444 1013 Quin
465 943 553 1001 etiam
573 941 702 1020 Erigone
723 944 800 1003 binis
820 953 989 1030 numeratur
1009 944 1040 1002 iu
1061 945 1145 1006 astris

362 1039 427 1098 Nec
448 1039 522 1099 facie
542 1041 616 1100 ratio
636 1040 744 1117 duplex
765 1059 834 1099 narn
856 1041 961 1100 desinit
982 1050 1077 1101 aestas

361 1137 467 1215 Incipit
488 1149 635 1198 autunnus
649 1140 746 1198 media
766 1140 820 1198 sub
841 1139 954 1216 uirgine
976 1149 1140 1218 utrumque.

283 1249 337 1310 171
367 1235 451 1313 quuc
464 1235 655 1314 Capricornus
669 1236 760 1315 (·rrius
773 1235 884 1319 Voss.¹)
895 1240 949 1313 qui
959 1237 1057 1298 Voss¹
1071 1238 1153 1316 Lips.
1166 1248 1197 1299 et
1213 1239 1293 1315 Cus,

238 1332 292 1393 sed
305 1354 356 1410 que
369 1334 399 1392 in
417 1335 494 1412 Lips
509 1355 526 1395 a
545 1346 708 1396 correctore
727 1336 858 1396 additum
877 1347 930 1396 est.
973 1335 1008 1395 Vc
1020 1338 1215 1414 Capricornus
1227 1345 1255 1398 el
1267 1343 1295 1399 is

237 1432 363 1492 Iacobus
374 1439 476 1492 tentum
486 1433 632 1506 Vossiani,
644 1436 664 1493 b
675 1453 703 1494 o.
740 1449 796 1509 172
812 1436 1018 1511 orci—prioris
1029 1454 1132 1496 omnes
1143 1438 1199 1495 nisi
1210 1439 1294 1515 quod

236 1531 356 1589 hominis
369 1541 446 1591 extat
460 1533 490 1590 in
505 1532 584 1591 boet
593 1532 639 1592 ed.
652 1533 740 1592 Rom.
754 1547 832 1607 1510
865 1535 965 1609 priori
972 1533 1121 1593 Bentleius
1135 1554 1172 1594 ex
1187 1536 1294 1597 codice

236 1626 360 1701 Venet0,
373 1639 402 1688 et
415 1630 456 1689 sic
470 1631 529 1688 iam
544 1630 642 1707 Fayus
656 1631 783 1690 ediderat
796 1634 882 1705 1679.
914 1645 971 1706 174
979 1633 1089 1707 gemini
1097 1631 1166 1691 Cus.
1172 1637 1291 1709 gcrnc'na

236 1724 374 1786 Vossiani
388 1729 509 1804 duplauc
520 1728 589 1788 Cus.
605 1737 633 1787 et
647 1729 784 1806 plerique.
830 1732 886 1804 176
902 1730 964 1788 Hcc
978 1729 1078 1789 Voss²
1093 1733 1168 1790 ratio
1182 1733 1292 1810 duplex

236 1825 324 1883 etiam
342 1825 412 1884 Cus.
429 1827 535 1903 duplex
555 1828 629 1885 ratio
643 1826 781 1886 Vossiani
802 1829 900 1887 ambo.
948 1842 1002 1904 177
1026 1830 1138 1906 utrique
1151 1829 1291 1891 Vossiani

234 1933 263 1982 et
278 1943 293 1982 o
307 1930 419 2000 uterque
433 1925 449 1984 b
464 1943 532 1984 curn
547 1925 683 2001 Regiom.

276 2021 371 2081 Valde
393 2022 440 2082 hic
462 2022 610 2100 praelucet
633 2024 736 2083 ceteris
761 2022 877 2083 Gembl.
920 2023 996 2096 Quis
1019 2023 1098 2084 enim
1122 2042 1184 2084 non
1209 2024 1290 2087 uidet

234 2130 309 2180 recte
332 2121 362 2178 in
384 2120 442 2180 hoc
466 2131 563 2180 extare
585 2121 630 2179 Et
651 2122 844 2199 Capricornus
863 2129 890 2180 ct
907 2123 962 2194 hic,
983 2123 1110 2199 duplanc,
1131 2124 1237 2183 uitiose
1258 2125 1289 2184 in

232 2218 378 2297 plerisque
402 2218 485 2296 Vique
509 2219 713 2296 Capricornus,
735 2221 882 2297 duplauci’
910 2220 947 2278 de
976 2221 1078 2280 ceteris
1108 2231 1207 2297 potest
1233 2221 1288 2281 du-

232 2318 325 2378 bitari.
368 2318 598 2377 Consideremus
613 2319 735 2394 singula.
776 2319 812 2375 In
829 2333 886 2394 174
905 2319 978 2377 inter
994 2321 1170 2393 geminaret
1185 2321 1288 2396 duplus

233 2415 387 2475 discrimen
403 2415 469 2475 lecit
489 2415 638 2486 Manilius,
660 2417 684 2475 si
706 2416 796 2476 modo
818 2415 958 2476 Manilius
978 2415 1039 2488 fuit,
1061 2417 1140 2494 quod
1155 2417 1288 2496 plerique

232 2514 275 2572 sic
289 2514 513 2590 interpretantur
527 2524 559 2573 ut
572 2514 642 2572 illud
657 2513 694 2572 ad
709 2515 794 2591 signa
808 2515 943 2573 biformia
955 2515 1006 2573 sed
1021 2514 1173 2586 disiuncta,
1185 2517 1288 2593 quales

232 2622 300 2670 sunt
313 2612 422 2683 PisceS,
436 2611 564 2683 Gemini,
586 2612 644 2671 hoc
666 2612 704 2670 ad
725 2613 890 2684 coniuncta,
907 2613 1008 2688 quales
1019 2622 1098 2671 sunt
1113 2613 1287 2690 Sagittarius

232 2720 261 2768 et
270 2709 477 2786 Capricornus,
487 2708 619 2769 referant.
643 2710 710 2786 Ego
720 2710 897 2769 contrarium
908 2727 1025 2781 cense0,
1036 2728 1106 2768 narn
1116 2720 1149 2768 ut
1156 2710 1210 2771 IV.
1224 2716 1285 2787 784

230 2810 261 2866 in
278 2811 421 2884 geminum
442 2807 554 2866 Mzmir
565 2809 652 2885 filius
672 2815 780 2866 astrum
801 2806 866 2884 Ipse
886 2810 1100 2884 uenilgcminus
1120 2808 1286 2872 Centaurus

230 2917 258 2965 et
280 2906 466 2965 Minotaurus
487 2907 595 2983 gemini
617 2906 753 2965 dicuntur
773 2906 842 2982 quia
862 2905 994 2966 humano
1015 2924 1139 2983 corpore
1153 2906 1284 2968 ferinum

230 3006 449 3076 commisceant,
460 3005 500 3064 sic
515 3004 562 3063 hic
578 3005 775 3081 Capricornus
788 3012 817 3062 et
833 3003 1004 3080 Sagittarius
1017 3005 1153 3064 uidentur
1165 3009 1282 3080 gemina

229 3103 323 3162 forma
338 3104 458 3174 censeri,
468 3116 569 3162 contra
578 3103 677 3161 Pisces
692 3112 721 3162 et
736 3101 863 3175 Gemini,
879 3103 909 3159 in
925 3103 1030 3179 quibus
1044 3121 1104 3161 una
1114 3105 1225 3181 species
1237 3107 1284 3166 bis

228 3201 355 3273 recurrit,
379 3203 472 3277 dupla.
516 3201 564 3259 Sic
586 3209 615 3258 et
637 3201 748 3259 Chiron
770 3199 934 3259 Centaurus
955 3203 1086 3276 geminus
1107 3211 1151 3259 est
1170 3201 1283 3264 Ouidio

229 3297 301 3357 Met.
315 3319 341 3358 v.
358 3301 426 3374 630,
441 3298 547 3358 Triton
562 3297 654 3358 Statio
670 3298 699 3357 S.
710 3298 748 3356 iii.
760 3317 785 3355 2.
796 3285 851 3373 35(
885 3297 949 3357 Nec
964 3299 1077 3374 duplam
1089 3300 1217 3376 speciem
1226 3321 1282 3378 pro

227 3384 336 3474 duplici
350 3397 384 3477 (Ι.
396 3401 454 3470 418
467 3398 574 3472 duplici
582 3396 741 3456 Centaurus
755 3397 875 3473 irnagiru
871 3395 988 3475 fertur)
1000 3397 1154 3474 quisquam
1165 3398 1282 3460 uidetur

227 3496 368 3573 posuisse,
383 3513 451 3553 cum
465 3497 566 3570 duplus
580 3495 616 3553 sit
630 3496 675 3555 bis
689 3503 794 3566 tantus,
810 3496 896 3571 dupla
911 3494 1031 3570 duplum
1046 3495 1137 3572 pretii.
1174 3497 1281 3574 Itaque

227 3594 251 3653 si
266 3613 303 3653 ex
325 3594 442 3654 Gembl.
458 3594 570 3670 gemini
587 3595 641 3651 duo
661 3595 720 3651 sint
738 3593 897 3664 retinueris
914 3594 1021 3652 eodem
1042 3611 1129 3652 sensu
1142 3596 1203 3654 erit
1217 3615 1280 3675 quo

227 3691 279 3750 IV.
297 3696 363 3767 784,
379 3693 407 3752 h.
417 3713 440 3751 e.
456 3693 542 3751 distat
556 3705 652 3749 utrum
666 3690 726 3750 duo
741 3691 797 3750 sint
816 3691 960 3766 permixta
978 3682 1083 3768 specie,
1098 3710 1137 3750 an
1151 3694 1280 3755 eandem

226 3792 353 3866 speciem
369 3792 413 3850 bis
428 3790 554 3849 referant
569 3787 677 3870 (dupla)
693 3790 762 3848 Hoc
778 3787 908 3868 (gement)
923 3799 954 3847 ut
969 3791 1125 3865 quaesitius
1139 3793 1279 3868 equidem

225 3890 418 3965 praetulerim,
434 3909 495 3949 non
510 3892 624 3966 genn'rca
646 3889 820 3948 deteriorum
843 3888 987 3958 codicum,
1012 3891 1180 3965 praesertim
1207 3909 1278 3954 cum
