2760 4448
224 281 276 344 xii
541 293 778 344 conspncws
801 293 979 344 cochM.

335 447 412 502 1881.
449 448 575 517 Scriptus
595 447 704 502 uidetur
725 465 800 502 saec.
818 467 854 501 xv
873 449 929 502 iarn
949 456 1089 516 uergente,
1108 463 1161 501 nec
1180 446 1217 500 ad
1236 447 1276 500 in·

332 538 493 600 corruptum
514 532 663 600 exemplar,
686 532 736 586 sed
755 532 830 602 quod
849 532 975 600 plurimis
994 530 1062 584 locis
1081 530 1277 599 interpolatum

333 622 417 668 esset.
457 616 554 667 Insunt
568 624 662 668 tamen
674 616 807 668 nonnulla
819 614 932 668 maioris
946 613 1035 683 pretii.

261 697 285 752 b.
306 697 475 751 Bodleianus
496 699 528 750 F.
546 697 580 750 iv.
596 712 638 765 34,
656 715 729 752 saec.
745 717 780 751 xv
798 699 970 752 chartaceus.
1010 699 1043 750 In
1061 696 1198 767 principio
1211 698 1245 749 L.
1262 711 1274 749 1

332 781 384 835 M.
393 782 505 834 Manlii
515 784 611 850 poetas
617 781 645 834 A
648 784 835 834 stronomicon
844 782 916 834 liber
918 783 1035 850 pn'mus
1044 782 1147 849 incipit
1149 781 1278 850 feliciter

331 864 764 933 AdOctauianumAugustum.
794 867 828 918 In
841 867 917 918 calce
930 865 1013 918 lib.V
1042 865 1160 917 FINIS
1196 864 1277 916 Visus

330 965 394 1000 cum
406 949 566 1017 exemplari
576 948 608 1000 in
620 965 675 1016 quo
687 949 784 1001 mende
796 954 880 1000 erant
891 965 947 1000 non
960 948 1046 1000 nulle.
1079 947 1197 1001 Videtur
1208 946 1275 999 olim

331 1030 418 1085 fuisse
431 1030 497 1085 Nic.
510 1030 630 1098 Heinsii,
643 1030 721 1085 cuius
739 1031 767 1084 in
782 1031 945 1085 uenditione
959 1031 1092 1084 librorum
1104 1041 1215 1100 emptus
1232 1040 1275 1083 est
1362 1061 1364 1065 .

331 1133 358 1168 a.
374 1115 441 1168 1682
450 1113 467 1168 ¹.

296 1199 444 1252 Praeterea
468 1207 599 1268 quattuor
622 1197 775 1252 Vaticanos
799 1197 912 1252 codices
936 1214 1000 1251 meo
1029 1205 1129 1266 rogatu
1157 1195 1275 1265 inspexit

333 1287 456 1340 Ioannes
479 1286 578 1354 Bollig‚
599 1286 628 1340 S.
646 1288 680 1356 J.‚
700 1285 773 1340 inter
791 1287 946 1354 praefectos
969 1285 1166 1340 bibliothecae.
1203 1287 1275 1339 Sunt

331 1379 427 1423 autem

368 1484 391 1523 1.
410 1471 474 1524 Vat.
488 1483 558 1538 3099
571 1470 659 1523 chart.
671 1485 745 1522 saec.
758 1469 812 1535 xvi,
828 1471 838 1522 I
853 1479 881 1523 et
894 1469 1005 1523 initium
1020 1471 1048 1522 11
1064 1469 1220 1523 continens.

367 1567 392 1607 2.
411 1555 478 1607 Vat.
492 1555 562 1622 5160
573 1554 661 1607 chart.
674 1569 747 1606 saec.
760 1571 806 1606 xv.

366 1651 391 1704 3.
410 1636 532 1690 Vrbinas
544 1638 596 1702 667
609 1652 683 1689 saec.
696 1654 740 1689 xv.

366 1735 391 1785 4.
409 1719 532 1773 Vrbinas
544 1720 597 1773 668
610 1736 683 1773 saec.
696 1737 739 1773 xv.

296 1803 407 1856 Horum
425 1803 559 1857 lectiones
578 1803 614 1856 ad
635 1803 691 1855 111.
703 1803 765 1869 614,
779 1801 830 1870 615
850 1811 878 1856 et
899 1803 946 1856 IV.
963 1803 1016 1869 804
1034 1811 1178 1872 excerptas
1197 1800 1274 1855 idem

332 1886 466 1954 Bolligius
478 1887 515 1940 ad
528 1904 573 1940 me
588 1886 673 1939 misit.

256 2013 266 2046 ¹
282 2016 350 2064 Nam
363 2016 384 2064 F
384 2015 499 2066 alconero
510 2015 605 2064 Madan
617 2015 684 2064 idem
695 2015 801 2064 habetur
811 2015 853 2078 qni
864 2016 888 2063 in
901 2015 1025 2079 Catalogo
1038 2016 1136 2066 Heinsii
1152 2016 1272 2065 librorum

224 2098 254 2131 ac
278 2082 391 2196 coqilcnm
413 2089 467 2130 tum
489 2083 610 2147 impresso
632 2097 690 2130 cum
712 2083 863 2143 naenierunt,
885 2090 1027 2131 numeratus
1048 2089 1086 2131 est
1111 2097 1164 2147 299,
1186 2099 1211 2146 p.
1232 2081 1272 2142 86,

224 2155 302 2213 partis
342 2184 348 2196 .
