2760 4448
594 285 641 335 [ν
741 329 743 333 ,
1072 287 1133 359 135

86 461 124 503 ex
138 443 192 503 IV.
205 447 260 504 801
280 443 478 524 Camfiegerel
492 445 624 522 Typhona
646 446 742 503 isenas.
765 443 843 504 Nam
851 447 987 524 profugit
1002 446 1135 524 Typhona

86 545 119 602 in
132 545 224 602 undas
237 545 358 604 barbare
371 544 436 617 diei,
451 547 535 603 alatri
549 546 671 602 humeris
684 562 745 603 non
759 563 836 604 uere.

129 642 247 702 Gembl.
262 643 287 702 si
307 643 463 721 sequimur,
481 643 649 702 retinendus
671 643 723 701 erit
746 646 814 717 581.
856 641 935 702 Nam
956 660 1018 702 non
1039 643 1135 703 solum

89 739 129 798 rbi
152 750 311 818 comparet,
334 740 385 800 sed
406 742 492 800 etiam
511 742 553 801 sic
572 741 703 818 scriptus,
725 751 757 800 ut
776 740 882 817 duplici
903 741 993 800 modo
1016 742 1136 801 traditus

89 838 178 898 fuisse
191 838 324 898 uideatur

211 936 417 1015 Anguipedem
437 937 528 997 alatos
549 936 687 997 humeros
729 937 859 1014 typhona
879 939 1026 1011 serentem,

438 1036 520 1095 alatis
547 1036 674 1096 humeris

88 1133 220 1212 profugi!
248 1133 380 1210 Typhona
408 1143 517 1194 tutatur
538 1134 638 1193 similis
658 1133 741 1193 locus
763 1133 941 1194 Columellae
966 1154 994 1194 x.
1018 1139 1056 1210 56
1081 1133 1140 1194 Sed

89 1233 213 1308 trepidas
220 1233 356 1310 profugit
370 1231 471 1291 Chelas
484 1239 511 1290 et
521 1235 627 1309 spicula
641 1233 768 1291 Phoebus
782 1232 863 1290 Dira
877 1232 982 1308 Nepae.

132 1329 192 1389 Sed
205 1331 294 1389 miror
309 1349 336 1388 u.
354 1333 414 1404 580
428 1339 488 1389 tam
502 1330 590 1406 longe
604 1331 708 1390 distare
723 1331 873 1407 quomodo
887 1332 918 1389 in
932 1331 1047 1396 Gembl.
1058 1341 1139 1391 extat

92 1429 130 1488 ab
151 1447 188 1487 ea
200 1427 295 1488 forma
308 1446 409 1488 uersus
424 1446 513 1504 quam
527 1438 654 1506 praestat
667 1428 768 1488 Voss.2
808 1428 912 1488 Mersa
927 1431 1005 1488 enim
1019 1449 1138 1507 prorsus

91 1527 206 1587 excidit.
247 1527 297 1585 An
310 1527 388 1586 aliud
401 1527 472 1604 quid
486 1527 554 1586 latet
568 1527 599 1584 in
613 1526 668 1585 illis

215 1625 292 1686 Cum
313 1625 475 1684 babilonias
495 1643 579 1684 casus
600 1624 727 1701 profugit
748 1625 779 1682 in
800 1626 916 1684 undas?

93 1709 198 1784 Fuitne
214 1723 245 1782 in
259 1723 417 1800 archetypo

215 1821 292 1882 Cum
313 1822 525 1899 Babyloniacas
546 1840 667 1900 passura
689 1821 815 1898 profugit
836 1824 866 1880 in
887 1823 990 1895 undas,

92 1941 162 1982 mox
171 1921 299 1982 confusis
311 1922 386 1980 inter
400 1938 431 1980 se
441 1940 489 1979 car
496 1931 554 1998 pas
568 1921 626 2006 hqc
640 1921 791 1990 omissum,
801 1921 870 1980 illud
882 1922 912 1979 in
922 1942 1005 1980 casas
1019 1939 1140 1981 conuer-

93 2039 159 2079 sum
173 2021 238 2081 est?
263 2030 391 2097 passura
411 2039 451 2078 sc.
473 2019 640 2096 Typhona:
669 2019 718 2096 qui
738 2019 852 2079 insenso
877 2021 976 2080 animo
994 2020 1141 2079 Venerem

93 2117 326 2195 aggrediebatur.

136 2217 172 2274 In
197 2219 252 2289 581
281 2215 397 2274 Gembl.
426 2226 541 2275 secutus
563 2216 699 2287 humeros,
724 2233 786 2274 non
810 2234 927 2290 ungues,
952 2234 1007 2274 nec
1036 2234 1142 2291 angues

94 2314 267 2393 scripserim.
310 2312 389 2371 Nam
401 2313 529 2391 Typhon
540 2316 695 2387 ἀερσιπότηι
704 2312 808 2372 dicitur
822 2312 962 2371 aNonno
973 2313 1141 2390 Dionysiae.

94 2414 122 2472 ii.
139 2431 186 2485 22,
200 2411 362 2488 meliusque
376 2412 483 2470 umeris
500 2411 561 2470 alae
578 2413 758 2470 conueniunt
779 2429 868 2488 quarn
883 2413 1037 2487 unguibus,
1067 2412 1143 2470 Sane

95 2530 156 2572 non
169 2510 277 2569 infitior
289 2509 503 2586 Apollodorum
517 2510 566 2568 ubi
579 2527 648 2569 eum
663 2510 797 2568 describit
808 2510 826 2569 i.
839 2511 865 2567 6.
879 2512 939 2584 gra
952 2511 979 2566 δι’
993 2511 1044 2566 ἀπὸ
1057 2516 1145 2582 μηρῶν

95 2609 205 2685 οπείρατ
225 2605 295 2682 εἶχεν
314 2609 494 2682 ὑπερμεγέθεις
514 2609 628 2681 ἐχιδνῶν,
649 2609 685 2664 ὧν
704 2611 776 2664 ὁλκοὶ
796 2611 862 2682 πρὸς
881 2609 960 2698 αὐτὴν
978 2609 1145 2680 ἐκτεινόμενοι

96 2710 213 2784 κορυφὴν
225 2709 352 2782 συριγμὸν
364 2708 447 2763 πολὺν
460 2707 571 2776 ε’ξίεσαν·
584 2709 635 2764 πᾶν
649 2707 677 2762 δὲ
692 2708 770 2763 αὐτοῦ
783 2709 813 2763 τὸ
828 2712 903 2778 σῶμα
916 2707 1099 2780 κατεπτέρωτο,
1115 2714 1145 2764 et

95 2806 279 2866 Antoninum
289 2803 455 2864 Liberalem
468 2808 504 2863 28
517 2803 679 2877 ἐπεφύκεσαν
692 2806 742 2880 γὰρ
756 2808 868 2878 κεφαλαὶ
878 2808 1000 2862 πλεῖσται
1010 2807 1051 2860 καὶ
1060 2807 1145 2878 χεῖρες

96 2909 137 2963 καὶ
149 2905 283 2980 πτέρυγες,
295 2903 433 2980 Typhoni
443 2904 504 2962 alas
517 2902 548 2960 in
562 2911 623 2962 toto
635 2921 757 2979 corpore
772 2913 800 2962 et
814 2903 845 2961 in
855 2903 992 2961 omnibus
1006 2900 1145 2961 membris

96 3003 286 3074 adtribuisse;
300 3001 351 3061 sed
364 3003 454 3060 alatos
464 3020 570 3077 ungues
580 2997 662 3078 (nam
671 3021 776 3077 angues
787 3000 908 3078 quidem
922 3000 1075 3061 ridiculum
1089 2998 1146 3076 est)

96 3112 255 3178 utcumque
269 3099 511 3177 interpretaberis,
528 3099 589 3157 siue
604 3099 640 3158 de
661 3100 795 3158 manibus
814 3097 960 3174 ungulatis
975 3099 1081 3176 quibus
1096 3097 1145 3157 ad·

96 3200 247 3260 haererent
260 3199 386 3276 plumae,
402 3199 464 3258 siue
478 3207 510 3257 ut
523 3197 623 3257 latiore
638 3216 725 3257 sensu
739 3198 896 3275 ungulatus
910 3197 1041 3274 Typhon
1056 3196 1146 3254 idem·

97 3319 155 3378 que
176 3299 312 3376 pinnatus
333 3297 497 3374 fingeretur,
512 3297 669 3356 barbarum
690 3296 828 3375 quiddam
843 3307 946 3354 sonat:
968 3314 1022 3354 nec
1041 3314 1147 3370 ungues

97 3398 235 3460 traditum
248 3406 292 3456 est
305 3397 336 3454 in
350 3393 447 3456 Voss.l
462 3395 512 3455 sed
526 3415 654 3472 unguem.

140 3495 321 3556 Huiusmodi
347 3503 512 3554 monstrum
537 3495 695 3570 grandibus
718 3495 816 3571 pinnis
838 3513 874 3552 ex
901 3493 1021 3552 summis
1039 3492 1147 3551 umeris

99 3596 330 3674 exsurgentibus
354 3595 415 3654 imo
439 3611 562 3672 corpore
586 3594 617 3652 in
646 3595 805 3670 anguinum
831 3592 960 3669 speciem
985 3591 1146 3661 terminato,

98 3694 271 3755 Gerhardus
289 3711 325 3752 ex
344 3692 467 3769 antiquo
487 3710 558 3751 uase
580 3692 736 3751 delineauit
760 3690 917 3772 (Auserles
933 3689 1002 3747 Vas·
1028 3688 1065 3746 iii.
1088 3689 1148 3746 tab.

102 3792 183 3872 237).
204 3792 359 3870 Typhonis
373 3792 448 3851 hane
463 3791 622 3868 imaginem
638 3791 768 3868 plerique
784 3790 975 3858 crediderunt,
990 3786 1058 3846 licet
1073 3788 1102 3845 id
1116 3787 1147 3844 in

101 3892 314 3953 dubitationem
328 3909 420 3968 nuper
441 3890 551 3950 uocarit
565 3889 735 3949 Kuhnertus
749 3889 779 3946 in
802 3886 944 3947 Roseheri
965 3885 1147 3962 Mythologia
