2760 4448
582 275 635 325 m
1068 277 1129 344 103

79 433 111 489 in
117 431 180 509 fine
192 433 266 490 renis
278 431 433 509 apparebat
443 434 558 504 occe'dar',
569 434 633 491 licet
642 432 964 512 xa·nannullz·sst2rmas
977 439 1131 491 conuertere

79 533 246 603 crederetur,
269 531 323 589 hos
347 530 430 590 locos
452 531 560 590 citauit
611 531 751 609 Porphyr.
774 532 852 608 apud
879 530 999 591 Eusebii
1026 531 1129 607 Praep.

79 628 222 706 Euangel.
231 647 257 687 v.
270 647 315 687 10.
330 647 358 706 p.
373 631 430 705 198
445 632 519 688 αὐτοὶ
532 632 560 687 δὲ
571 634 597 686 αἱ
611 633 684 702 εὐχαὶ
696 633 753 688 τίνα
766 633 859 704 ἔχουσι
871 635 952 704 λόγον
960 633 1006 687 τὸν
1015 632 1045 702 ἐξ
1059 629 1132 688 ilios

79 729 240 802 ἆναφανέντα
252 730 378 802 λέγουσαι
392 730 432 784 καὶ
446 730 488 785 ἐπὶ
498 733 534 804 τῴ
546 732 621 806 λωτῷ
632 729 771 800 καθήμενον
785 731 825 785 καὶ
840 731 882 786 ἐπὶ
892 733 985 786 πλοῖον
996 731 1130 785 ναυτιλλό-

78 851 156 900 μενον
170 829 211 884 καὶ
224 828 280 883 καθ’
295 829 364 899 ὦρον
377 829 423 886 reia
435 829 539 901 μορφὰς
553 828 692 900 ἀμείβοντο
705 829 745 882 καὶ
759 831 823 883 κατὰ
838 828 927 904 ζῴδιον
939 833 1131 899 μετασχηματι-

79 929 184 996 ζόμενον
189 943 198 998 ;
221 922 372 983 Iamblich.
383 925 419 1003 ἃς
431 923 551 1001 Myster.
562 925 607 983 vii.
618 943 635 999 3
646 927 851 998 σχηματίζεσθαι
861 927 907 998 μὲν
917 927 979 981 κατὰ
992 925 1080 1001 ζῴδιον
1090 927 1132 982 καὶ

78 1027 126 1082 τὰς
138 1025 242 1096 μορφὰς
255 1024 370 1094 ἀμείβειν
383 1019 439 1079 καθ’
453 1025 522 1096 ὥραν
535 1027 589 1082 τοῖς
602 1023 700 1098 ῥήμασι
714 1026 895 1096 διασημαῖνον,
911 1033 940 1082 et
954 1040 1053 1083 rursus
1067 1026 1131 1079 κατὰ

80 1123 172 1198 ζῴδιον
185 1123 226 1176 καὶ
240 1121 294 1176 καθ’
309 1123 378 1194 ὥραν
390 1124 610 1192 μετσθάλλεσθαι.

121 1219 211 1295 Ergo
234 1219 259 1277 si
279 1219 402 1295 singulis
422 1218 502 1278 horis
522 1229 650 1279 mutatur
671 1220 741 1280 solis
762 1219 882 1296 species,
898 1237 951 1296 per
972 1218 1131 1279 Zodiacum

79 1328 180 1377 autem
205 1318 236 1375 fit
260 1316 400 1376 decursus
421 1317 489 1376 solis
511 1327 540 1378 et
560 1316 705 1389 horarum,
726 1328 804 1377 recte
827 1316 969 1394 Signifero
991 1318 1052 1376 siue
1074 1318 1131 1376 Zo-

78 1417 166 1476 diaco
190 1415 330 1474 Manilius
351 1415 439 1475 horas
459 1425 488 1475 et
509 1434 611 1475 earum
635 1417 868 1477 numerationem
892 1417 922 1475 in
943 1415 1131 1494 genethliacis

79 1514 277 1574 demandauit.

121 1613 177 1671 ΠΙ.
194 1614 333 1687 528-536
349 1612 390 1673 sic
404 1622 504 1672 extant
517 1613 548 1671 in
563 1611 682 1672 Gembl.

203 1710 305 1788 Vsque
326 1710 403 1770 adeo
423 1711 567 1788 permixta
587 1711 651 1770 fluit
672 1730 726 1771 nec
747 1718 899 1790 permanet
919 1728 1045 1788 usquam

202 1807 365 1885 Amisitque
387 1809 475 1868 fidem
496 1809 637 1868 uariando
658 1820 763 1868 cuncta
784 1827 837 1885 per
857 1810 954 1868 omnis

121 1921 182 1982 530
204 1905 274 1964 Non
295 1907 378 1965 annis
399 1908 468 1965 anni
488 1925 543 1966 nec
565 1925 682 1966 menses
703 1907 851 1966 mensibus
872 1925 966 1984 usque

203 2004 391 2063 Conueniunt
412 2023 502 2082 seque
522 2005 584 2082 ipsa
606 2005 667 2064 dies
687 2006 835 2082 aliumque
856 2005 975 2082 requirit

203 2101 344 2179 Horaque
366 2121 427 2162 non
447 2103 497 2161 ulli
518 2102 617 2163 similis
639 2104 809 2180 producitur
829 2102 920 2162 horae

202 2199 354 2277 Tempora
375 2202 456 2278 quod
477 2202 579 2261 sistant
600 2202 725 2278 propriis
745 2201 878 2278 parentia
899 2201 988 2278 signis

202 2299 258 2357 Per
278 2316 416 2358 numeros
437 2300 533 2359 omnis
554 2301 619 2358 aeui
641 2300 732 2358 diuisa
753 2300 879 2358 uolantis

121 2410 180 2471 535
203 2396 350 2473 Talesque
370 2397 497 2457 efficiunt
517 2415 634 2457 menses
659 2416 800 2475 casusque
821 2398 967 2456 minantur

203 2494 308 2566 Qualia
328 2503 395 2555 sunt
416 2514 541 2573 quorum
561 2497 674 2556 uicibus
695 2507 756 2555 tum
778 2496 915 2554 uertimur
935 2505 1020 2554 astra.

121 2595 180 2668 528
202 2612 326 2669 usquam
347 2594 389 2652 ba
409 2612 501 2671 usque
527 2594 663 2666 Vasszam‘,
682 2593 809 2652 Iacobus.
861 2608 920 2668 530
942 2592 1013 2652 Non
1034 2612 1130 2653 annus

78 2692 164 2750 annis
179 2709 233 2750 nec
254 2689 340 2751 Vass.¹
355 2691 422 2751 Cas.
436 2711 561 2770 usquam
575 2711 598 2750 a.
643 2706 698 2767 531
717 2693 780 2769 ipsa
802 2690 886 2751 Vnst
901 2693 963 2769 ipse
984 2690 1070 2750 Voss.1
1084 2693 1100 2749 b
1114 2711 1129 2751 a

77 2791 202 2865 requiret
225 2788 309 2849 Voss.²
322 2796 349 2848 et
363 2791 444 2866 Lz'ps.
459 2801 508 2866 pr.
528 2809 564 2848 m.
583 2788 630 2869 (-it
650 2810 669 2848 a
689 2789 814 2866 correct.)
835 2789 968 2866 relinquit
990 2787 1073 2848 Vass.¹
1087 2790 1130 2848 ba

78 2888 194 2965 reliquit
218 2887 286 2947 Cas.
343 2904 399 2963 532
427 2907 488 2948 non
512 2889 552 2947 uli
576 2908 591 2946 ο
615 2889 747 2946 nonnulli
774 2889 908 2947 Vassr'am'.
964 2903 1022 2963 533
1048 2889 1129 2966 quod

79 2988 181 3046 sistant
207 2986 337 3045 Vasseam'
356 2987 425 3048 Cas.
445 2988 606 3047 consistunt
620 2987 659 3045 bo
674 2987 754 3064 quod
774 2987 882 3046 distant
900 2986 1026 3047 Iacobus.
1069 3003 1127 3063 534

78 3086 211 3144 uolentes
233 3083 316 3143 Vass.¹
334 3084 400 3145 Cas.
443 3101 501 3161 535
517 3096 629 3145 mentes
644 3084 763 3143 Iacobus
781 3103 885 3144 census
898 3085 1046 3144 Breeierus
1067 3086 1129 3144 ani-

78 3192 195 3242 mantru
217 3180 301 3241 Voss.2
314 3184 454 3243 mirantur
474 3181 559 3242 Voss.1
602 3186 660 3258 536
680 3193 742 3241 tum
765 3183 851 3243 Voss.2
866 3184 937 3242 dum
959 3181 1042 3242 Van.l
1060 3182 1128 3243 Cas.

120 3281 265 3341 Notabilis
285 3282 366 3342 locus
387 3285 427 3342 ob
448 3283 593 3359 insignem
615 3283 820 3359 praestantiam
835 3281 1063 3354 Gemblaoensis,
1078 3282 1128 3358 qui

78 3381 179 3439 omnia
197 3391 273 3440 recte
290 3382 415 3441 seruauit
433 3399 508 3457 quae
527 3391 630 3456 postea
649 3381 748 3438 uitiata
767 3390 832 3439 sunt
853 3381 884 3438 in
905 3380 1015 3439 ceteris.
1059 3379 1128 3438 Sola

78 3482 140 3555 ipsa
167 3494 223 3554 531
250 3483 352 3539 sistant
376 3493 433 3555 533
461 3499 563 3538 menses
589 3494 648 3554 534
673 3499 711 3539 ne
731 3478 849 3538 Gembl.
872 3479 991 3556 quidem
1016 3479 1127 3553 integra

77 3576 174 3636 habet.
217 3576 296 3637 Nam
313 3581 370 3655 mse
383 3597 469 3637 uersu
483 3579 548 3655 ipso
563 3578 777 3655 conprobatur;
800 3579 913 3649 destant,
930 3584 1029 3635 mentes
1049 3586 1126 3635 reete

77 3677 193 3735 uidetur
203 3677 329 3737 lacobus
338 3678 523 3737 coniectasse.
560 3675 619 3736 Sed
625 3684 774 3753 permanet
785 3696 902 3752 usquam
913 3694 974 3734 uon
981 3681 1130 3750 permanet

78 3794 163 3849 usque
187 3777 246 3850 528
271 3794 308 3835 ex
332 3774 448 3836 Gembl.
469 3775 651 3834 retinendum
675 3793 791 3845 censeo,
812 3793 879 3833 oum
903 3793 988 3849 usque
1009 3782 1127 3849 praeeat

78 3873 109 3932 in
124 3891 225 3934 uersus
239 3874 389 3952 principio,
400 3893 447 3933 nec
454 3881 602 3950 permanet
610 3893 728 3949 usquam
741 3873 844 3934 similia
858 3873 901 3933 sui
916 3873 1020 3932 habeat
1031 3872 1055 3930 Ι.
1069 3890 1124 3929 212
