2760 4448
164 271 226 352 178
473 282 621 333 macras
641 282 889 333 Mnartraaaa

207 446 265 502 280
286 442 324 501 Et
345 442 370 502 si
391 441 463 502 forte
486 443 568 503 labor
589 443 658 502 iuris
679 443 831 502 tardauerit
852 452 930 502 artes

286 540 361 613 Quis
382 542 445 600 sine
466 541 545 600 nulla
566 560 647 601 ceres
667 560 729 600 non
749 541 825 600 ullus
845 541 964 600 seminis
984 557 1056 600 usus

287 638 418 699 Subdere
439 639 564 699 facturos
585 640 642 699 luci
662 639 807 698 frumenta
828 657 971 716 superque

152 759 154 762 ·
176 770 178 775 ,
285 737 401 796 Ducere
422 737 584 814 pendentes
605 739 691 796 orbes
712 748 743 797 et
763 756 895 815 mergere
916 756 1006 797 sacra.

206 848 264 911 275
286 836 427 896 maiorem
445 835 531 895 Vasa.²
545 836 647 895 maiori
666 837 750 896 Vass¹
765 856 788 894 a.
832 840 890 895 280
912 837 980 896 iuris
996 836 1128 895 Vossiani
1138 835 1215 894 ruris

163 932 204 990 ab
225 930 384 1007 tardaueris
408 928 494 989 Vasa.²
537 934 593 990 282
615 931 635 993 f.
655 931 712 990 luci
728 929 795 990 Cas.
814 929 900 990 Vara.¹
917 931 1045 990 facturos
1061 930 1103 989 liti
1124 927 1215 988 Vass.²

162 1029 290 1088 fracturo
312 1029 383 1088 silici
410 1027 557 1106 We'tleafius
598 1029 674 1088 farra
695 1031 797 1088 cada'ces
814 1032 949 1107 plerique.
1000 1037 1112 1106 tergere
1135 1029 1214 1088 farra

163 1127 322 1200 Ruiusius,
341 1128 375 1186 ‘i.
384 1148 404 1185 e.
413 1138 545 1204 purgare
557 1130 684 1188 excussis
692 1130 801 1204 glumis
814 1126 955 1205 repetat!

205 1223 325 1302 Optime
355 1226 482 1286 Huetius
512 1231 634 1287 ‘sensus
663 1238 715 1299 est,
738 1227 818 1302 quod
843 1227 867 1286 si
895 1245 961 1286 rure
989 1226 1120 1286 laborare
1150 1245 1212 1286 non

162 1331 308 1399 poterunt,
324 1324 361 1382 ad
383 1325 544 1384 domestica
565 1343 656 1402 opera
673 1324 895 1384 conuertentur!
938 1325 996 1385 Sed
1010 1327 1153 1384 incertum
1167 1345 1212 1384 re-

162 1421 244 1498 liquit
268 1424 429 1481 tardauerit
449 1424 599 1482 dictumue
623 1424 659 1483 sit
682 1442 737 1501 pro
762 1423 926 1496 cessauerit,
952 1443 991 1482 an
1015 1442 1052 1482 ex
1076 1442 1112 1482 eo
1135 1432 1214 1481 artes

162 1520 298 1597 pendeat
340 1521 416 1580 Illud
435 1522 568 1599 praetulit
587 1521 746 1600 Pingraeus
762 1522 805 1581 ‘si
819 1521 878 1582 l'on
895 1540 932 1580 ne
953 1532 1022 1599 peut
1038 1519 1213 1598 s’appliquer

162 1637 220 1677 aux
232 1628 351 1678 travaux
364 1619 401 1679 de
414 1620 443 1678 la
457 1639 629 1697 campagne‚
641 1639 681 1680 on
692 1639 828 1706 exercera
843 1621 895 1679 des
909 1629 975 1691 arts,
985 1638 1052 1679 sans
1066 1616 1211 1697 lesquels,'

162 1723 215 1776 &c
257 1718 293 1776 In
307 1736 367 1794 quo
388 1717 449 1778 iure
468 1717 561 1778 haesit
576 1718 764 1792 Thomasius,
780 1738 847 1778 curn
865 1737 919 1778 nec
938 1720 1099 1777 tardauerat
1110 1719 1149 1777 ab
1163 1737 1211 1777 ac-

163 1816 295 1885 cusatiuo
316 1834 370 1875 suo
393 1816 618 1894 disiungendum
639 1826 723 1889 esset,
739 1836 793 1876 nec
808 1817 919 1894 placeat
933 1824 1008 1875 artes
1024 1816 1158 1894 pendens
1174 1835 1211 1874 ex

162 1915 253 1973 uerbo
270 1914 386 1990 longius
404 1925 517 1975 remoto
531 1915 692 1991 Ingenerat.
736 1914 806 1974 Non
825 1924 902 1974 recte
921 1925 1026 1986 tamen,
1041 1933 1089 1973 me
1107 1915 1210 1984 iudice,

163 2011 342 2071 Thomasius
356 2013 522 2072 huiusmodi
540 2015 713 2073 sententiam
733 2013 849 2089 requirit
863 2013 914 2072 ‘Et
929 2013 953 2072 si
966 2013 1039 2071 forte
1052 2023 1155 2072 natura
1169 2013 1211 2070 eis

162 2112 311 2187 negauerit
331 2112 407 2171 uires
429 2112 466 2170 ad
487 2131 562 2190 opus
584 2113 641 2171 ruri
662 2111 835 2182 faciendum,
855 2113 1031 2170 exercebunt
1051 2122 1127 2169 artes
1149 2112 1211 2170 sine

162 2208 286 2285 quibus,’
312 2215 364 2270 tec.
420 2209 499 2269 Nihil
532 2210 667 2288 equidem
699 2221 760 2269 tam
788 2199 927 2286 magnum
955 2228 991 2267 ex
1019 2209 1091 2268 locis
1118 2210 1211 2268 ausim

162 2307 298 2385 colligere
317 2326 393 2385 quos
413 2307 593 2368 Thomasius
614 2309 705 2368 attulit
724 2308 762 2368 V.
784 2310 842 2382 498
863 2307 908 2364 Et
925 2309 955 2365 si
963 2309 1046 2385 farte
1066 2307 1144 2365 banr's
1164 2327 1211 2365 ac·

161 2408 274 2473 cersuit
288 2409 403 2482 alapatus
421 2409 508 2478 autri,
524 2407 695 2483 Imprabitas
707 2408 763 2484 fiat
780 2408 881 2477 ur'rtus,
895 2405 933 2464 V.
949 2409 1004 2479 651
1028 2404 1073 2464 Et
1090 2408 1120 2463 si
1129 2408 1212 2483 farta

162 2506 274 2579 aliquas
295 2506 409 2562 animus
427 2512 575 2580 consurget
593 2508 623 2563 in
644 2512 727 2576 artes,
748 2503 786 2562 In
801 2510 960 2580 praerupta
980 2505 1059 2562 dabit
1079 2505 1211 2575 studium,

162 2602 199 2661 V.
217 2615 273 2678 471
291 2603 336 2660 Ar
353 2604 462 2678 siquis
481 2605 572 2661 studia
592 2603 734 2662 scribendi
751 2604 847 2661 malin
867 2602 925 2675 a'br't,
944 2601 1058 2660 Caenica
1078 2609 1215 2679 componet

162 2702 242 2761 laetis
262 2703 415 2778 spectacula
436 2703 518 2773 ludes,
534 2701 572 2760 V.
592 2715 650 2776 447
666 2701 710 2760 Aa
727 2703 757 2758 si
774 2701 898 2777 deficient
916 2708 999 2772 artes,
1014 2702 1163 2760 remanebit
1181 2704 1212 2759 in

161 2800 221 2857 a'llr's
235 2798 376 2857 Materies
389 2806 481 2857 tamen
495 2806 570 2875 apta.
607 2798 686 2871 Quid
701 2799 779 2858 enim
794 2798 871 2858 aliud
885 2798 993 2858 habent
1007 2797 1037 2856 hi
1052 2799 1124 2858 inter
1138 2817 1169 2858 se
1183 2809 1212 2858 et

162 2915 230 2957 cum
241 2897 278 2955 V.
292 2901 350 2955 280
368 2915 535 2970 commune,
545 2897 600 2956 nisi
611 2897 690 2974 quod
705 2897 824 2956 eosdem
839 2897 1004 2957 describunt
1018 2897 1118 2974 quales
1133 2898 1211 2968 fiant,

162 2997 187 3056 si
214 3014 384 3073 quanquam
412 2997 467 3054 sub
494 3014 554 3055 uno
579 2997 638 3055 nati
666 2996 759 3055 sidere
784 2997 815 3054 in
842 2995 957 3055 diuersa
979 2995 1131 3054 trahantur
1155 3015 1211 3074 pro

161 3095 268 3155 indolis
295 3094 341 3153 uel
366 3111 462 3152 rerum
487 3103 690 3171 temporumue
715 3094 899 3153 discrimine?
942 3092 1046 3171 Neque
1071 3095 1210 3154 emenda-

161 3193 272 3253 tionem
293 3191 442 3252 desidero:
472 3192 589 3251 uidetur
610 3193 688 3252 enim
711 3191 851 3251 Manilius
872 3192 929 3251 hoc
950 3192 1094 3252 uoluisse:
1124 3192 1212 3271 Spica

161 3308 285 3367 surgens
299 3292 444 3366 ingenerat
456 3310 592 3349 arearum
606 3292 727 3349 studeant
741 3299 768 3349 et
778 3292 882 3349 semina
896 3276 1212 3367 credere-usuramque

161 3391 359 3465 sequrssatqae
378 3390 479 3447 horrea
497 3409 650 3464 quaerere:
675 3395 702 3446 el
717 3391 748 3446 si
756 3390 841 3466 sarta
858 3390 938 3447 rurrlr
956 3389 1035 3447 labar
1052 3391 1214 3447 tardauerit

161 3495 235 3545 artes
249 3487 307 3546 h.e.
323 3487 391 3545 siin
406 3487 483 3563 agris
498 3487 663 3546 laborantes
680 3504 743 3545 non
757 3487 924 3546 uacauerint
939 3487 976 3544 ad
991 3486 1212 3564 prosequendas

161 3597 236 3644 artes
251 3586 314 3644 sine
328 3586 433 3662 quibus
453 3603 515 3643 non
533 3594 667 3661 poterunt
686 3585 785 3661 granis
804 3585 846 3642 uti
865 3585 903 3643 ad
922 3585 1019 3643 cibum
1036 3584 1209 3662 parandum,

161 3683 229 3743 dico
243 3684 356 3742 subdere
363 3684 500 3757 fractura
516 3683 595 3740 silici
596 3684 751 3761 frumenta
764 3688 791 3740 at
801 3702 922 3759 mergere
929 3684 1038 3760 farra,
1051 3700 1127 3761 quae
1144 3694 1212 3742 sunt

161 3791 237 3841 artes
256 3781 385 3841 molendi
403 3791 432 3840 et
450 3799 527 3857 aqua
542 3780 700 3857 mergendi,
715 3778 781 3860 (has
797 3781 883 3840 etiarn
900 3779 1073 3860 ingenerat).
1108 3780 1211 3853 Quan-

161 3898 258 3958 quam,
273 3890 305 3939 ut
324 3879 455 3940 ordinata
472 3886 540 3938 sunt
560 3879 658 3951 uerba,
674 3889 810 3958 poterunt
831 3879 964 3938 infinitiui
983 3880 1096 3941 subdere
1114 3881 1213 3940 duem
