2760 4448
600 283 646 332 ru
1079 280 1141 350 157

91 445 216 504 Cosano
243 460 298 520 pro
325 462 473 518 censusque
496 441 633 500 traditum
660 452 721 514 est3
756 442 785 498 in
811 443 912 519 rapida
935 450 1032 501 autem
1056 441 1144 500 latere

95 543 208 601 uidetur
229 544 314 619 rapit.
355 541 460 600 Cetera
481 541 646 624 diuinantur
665 550 797 599 tantum:
829 541 882 599 sed
900 541 1006 618 poterit
1024 540 1145 599 fortasse

94 643 136 700 sic
152 641 237 699 scribi

218 755 345 832 Spiritus
365 761 500 813 attatum
522 757 601 831 rapit
619 761 699 830 atqua
719 756 750 812 iu
771 756 849 812 tussa
866 755 1009 830 gubernat

95 891 156 948 quo
175 881 293 946 recepto
313 880 362 929 aut
368 871 412 946 fit
423 870 453 927 in
469 872 527 927 888
543 869 728 927 scribendum
739 870 800 940 erit,
815 878 863 927 aut
877 868 1005 927 clausula
1020 866 1147 944 Spiritus

95 977 128 1029 at
149 976 234 1027 totum
257 971 337 1045 rapit
359 975 440 1044 atque
463 971 493 1025 in
522 971 600 1026 tussa
624 969 767 1044 gubernat
789 968 957 1043 interposita
981 967 1022 1025 sic
1047 975 1090 1024 est
1115 974 1146 1022 ut

97 1069 194 1126 minus
216 1076 276 1125 arte
297 1085 364 1125 cum
386 1065 627 1143 praecedentibus
651 1065 813 1138 cohaereat,
836 1065 944 1142 fiatque
967 1084 1003 1124 ex
1028 1065 1147 1141 obliqua

97 1168 230 1226 oratione
244 1166 352 1225 reditus
366 1165 403 1224 ad
418 1166 566 1224 directam.

138 1281 191 1341 IV.
209 1285 278 1357 897,
295 1283 354 1356 898

425 1378 553 1455 proiecta
574 1378 669 1436 iacent
690 1378 825 1436 animalia
845 1386 950 1436 cuncta

222 1477 257 1536 In
278 1486 354 1547 terra
374 1478 420 1537 uel
441 1495 537 1535 mersa
558 1477 640 1536 uadis
661 1477 709 1536 uel
730 1478 759 1534 in
781 1496 847 1536 aere
868 1477 1004 1553 pendent.

427 1579 485 1651 897
501 1595 567 1633 uum
582 1576 686 1635 bruta?

143 1692 278 1766 Languet
292 1699 389 1749 cuncta
398 1711 408 1749 .·
429 1691 575 1749 Bentleius
591 1699 676 1762 muta,
691 1710 749 1767 ego
766 1692 849 1750 bruta
866 1692 1054 1767 reposuerim,
1070 1691 1150 1768 quod

61 1834 64 1839 -
101 1791 193 1849 multo
208 1790 327 1848 similius
346 1799 390 1848 est
409 1789 541 1848 ductibus
559 1789 727 1848 litterarum.
768 1790 866 1848 Etiam
880 1809 906 1848 v.
925 1805 961 1864 15
976 1789 1020 1847 Et
1030 1791 1148 1867 bfirum

101 1897 186 1946 cetum
211 1890 336 1964 squamis
358 1895 439 1964 atque
462 1908 508 1946 ara
532 1890 677 1959 tremenda,
699 1890 793 1965 potuit
817 1889 936 1965 bfirum
960 1908 997 1946 ex
1022 1891 1150 1958 ciarum,

102 1987 160 2046 hoc
181 2006 218 2046 ex
239 1989 341 2045 sirium
362 1986 530 2063 deprauari:
557 2004 626 2044 nam
640 1997 720 2046 cetos
741 1986 813 2045 illud
833 1987 913 2063 quod
927 1987 1150 2047 Andromedam

102 2088 132 2144 in
161 2085 282 2163 scopulo
317 2084 493 2162 pendentem
518 2096 654 2143 necatum
678 2086 745 2157 ibat,
766 2103 822 2144 nec
843 2086 965 2163 bp‘irum
987 2105 1043 2145 nec
1065 2087 1151 2144 semi-

102 2184 198 2244 ferum
219 2183 280 2255 fuit,
301 2193 334 2241 ut
355 2192 433 2242 recte
454 2184 601 2261 perspexit
621 2182 787 2255 Bentleius3
821 2182 936 2260 Syrium
957 2194 1033 2243 certe
1054 2185 1152 2243 uocari

102 2284 205 2360 potuit,
227 2282 367 2358 quoniam
389 2282 469 2340 iuxta
489 2281 582 2359 Iopen
604 2283 746 2358 oppidum
772 2281 955 2340 Phoenicum
977 2291 1005 2340 et
1028 2282 1151 2341 Perseus

103 2380 252 2440 descendit
270 2390 299 2440 et
318 2379 404 2438 belua
428 2380 481 2438 ista
503 2379 653 2438 interfecta
673 2390 716 2438 cst
726 2399 735 2453 3
766 2379 848 2438 cuius
869 2380 910 2437 rei
931 2380 1040 2439 indicio
1062 2378 1150 2439 fuisse

103 2481 134 2538 in
157 2478 339 2556 praeiacente
361 2476 478 2556 (Iopae)
501 2496 572 2536 saxo
597 2479 783 2537 uinculorum
805 2478 1010 2538 Andromedae
1031 2479 1153 2555 uestigia

103 2588 222 2637 testatur
241 2576 352 2635 Plinius
375 2575 415 2634 H.
430 2575 468 2634 N.
486 2595 511 2633 v.
527 2578 565 2650 69
581 2576 685 2634 citatus
704 2596 722 2635 a
736 2575 862 2653 Mayoro
880 2577 910 2634 in
925 2576 1151 2636 Commentariis

104 2679 207 2736 quen.
221 2676 259 2735 iii.
279 2688 345 2749 117,
362 2678 427 2747 118,
445 2676 495 2734 ubi
510 2675 582 2733 alios
598 2675 679 2735 locos
694 2675 796 2734 adtulit
810 2676 847 2734 ad
861 2675 987 2734 eandem
1000 2675 1152 2735 historiam

105 2775 290 2852 pertinentes.
1139 2784 1141 2790 '

144 2873 199 2932 IV.
214 2890 355 2949 901-903

228 2987 313 3046 Vnus
334 2992 391 3052 †et
411 2987 558 3065 inspectus
578 3005 675 3046 rerum
695 2987 828 3064 uiresque
849 2987 988 3064 loquendi

226 3086 439 3163 Ingeniumque
461 3105 553 3162 capax
573 3086 725 3162 uariasque
746 3086 875 3146 educitur
896 3097 973 3145 artes

229 3183 288 3242 Hic
309 3194 419 3260 partus.

147 3317 203 3373 901
222 3308 251 3357 et
264 3300 339 3358 codd.
357 3299 387 3357 in
400 3299 492 3361 Beutl.
508 3299 546 3359 ad
560 3320 617 3377 ega.

147 3413 200 3472 1v.
217 3432 283 3489 911,
296 3434 354 3491 912

231 3537 311 3598 Huic
334 3538 365 3596 in
386 3547 468 3598 tanta
488 3540 575 3598 fidem
597 3541 724 3618 petimus
746 3559 836 3618 quam
856 3559 944 3617 saepe
964 3538 1097 3599 uolucres

228 3634 388 3715 Accipiunt
409 3637 595 3715 trepidaeque
617 3657 671 3698 suo
692 3640 747 3698 sub
767 3651 885 3715 pectore
906 3639 1003 3696 fibrae.

106 3789 157 3827 sua
185 3769 256 3846 quid
284 3769 321 3828 sit
348 3788 410 3830 non
437 3769 543 3830 uideo:
580 3791 661 3829 suum
690 3771 854 3832 emendatio
882 3770 1025 3830 facillima.
1078 3769 1155 3828 Cum

107 3867 238 3927 irrisione
252 3868 381 3945 quadam
396 3868 503 3927 dictum
519 3879 571 3930 est.
