2760 4448
282 253 322 316 80
614 266 764 317 moeres
783 265 1031 316 Mnnrernnna

250 434 368 478 'unum
397 435 503 496 corpus
530 417 647 478 fatiad
674 420 755 497 quod
781 419 1051 480 mathematicorum
1086 419 1159 481 ratio
1192 420 1318 482 trahatur

277 527 306 575 et
330 517 357 576 ei
381 526 488 592 pareat.
537 516 577 575 At
589 519 660 596 sati
678 519 753 576 ratio
774 536 834 577 non
859 518 981 576 multum
1005 517 1147 594 discrepat
1171 536 1189 578 a
1213 523 1319 578 ramae

264 617 401 693 satorum
434 633 524 692 quam
558 634 596 674 ex
630 616 772 675 sideribus
805 615 873 675 duci
907 634 1027 677 omnem
1061 615 1148 675 tradit
1183 615 1321 677 Manilius

278 713 301 773 1.
318 716 393 772 261:
414 721 443 773 et
457 731 559 773 sensus
580 714 620 773 sic
634 714 801 774 manifestus
821 715 868 772 fit:
890 724 991 773 natura
1010 715 1106 773 sanxit
1122 733 1174 790 per
1193 716 1321 792 auspicia

276 812 435 871 certissima
448 809 518 889 (hoc
532 821 576 871 est
589 814 682 870 omeim
695 832 811 883 summo,
820 821 848 870 et
863 812 903 871 sic
917 812 1101 871 scribendum
1111 813 1191 872 locus
1202 812 1320 892 clamat)

277 921 309 970 ut
334 909 513 987 genethliaca
536 910 608 969 ratio
633 912 663 968 in
690 928 782 968 unum
806 910 897 969 coiret
920 910 1103 986 efficeretque
1130 921 1273 989 tanquam
1297 913 1321 968 ἓν

276 1009 396 1080 σύστημα
414 1011 458 1081 τῆς
474 1011 645 1080 πεπρωμένης.
686 1011 779 1067 omina
798 1007 835 1066 ad
851 1008 993 1085 principia
1014 1009 1081 1068 artis
1101 1009 1321 1069 mathematicae

275 1106 376 1179 refero,
400 1125 469 1165 nam
497 1107 657 1167 secundum
686 1107 826 1167 Ouidium
853 1107 885 1166 F.
909 1108 928 1167 i.
956 1109 1012 1183 178
1043 1105 1147 1166 Omma
1166 1110 1321 1187 praeceptali

276 1207 361 1263 meme
373 1207 465 1263 solent.

316 1303 372 1363 111.
388 1307 484 1378 68-71
504 1303 545 1362 sic
559 1312 658 1363 extant
672 1303 702 1360 in
717 1301 832 1363 Gembl.

397 1402 541 1479 Quaeque
576 1420 666 1478 opera
700 1411 786 1478 atque
820 1411 896 1461 artes
929 1402 1106 1480 quicumque
1137 1419 1190 1478 per
1221 1404 1321 1462 omnia

448 1523 449 1527 ¹
477 1518 562 1559 casus

397 1598 538 1656 Humana
558 1597 589 1654 in
609 1598 668 1655 uita
687 1606 821 1674 poterant
842 1599 1010 1675 contingere
1030 1607 1107 1657 sorte

397 1695 559 1772 Complexa
579 1704 622 1753 est
642 1704 684 1754 tot
705 1705 733 1754 et
754 1696 784 1753 in
803 1704 900 1772 partes
920 1705 991 1773 quot
1011 1705 1039 1755 et
1060 1705 1136 1756 astra
1156 1707 1300 1756 uocarent

397 1793 456 1852 Res
477 1794 581 1870 posuit.

316 1895 354 1950 68
370 1896 559 1968 ‘quecunque
576 1889 680 1950 Gembl.
694 1893 742 1948 sed
760 1911 777 1966 e
797 1892 827 1950 in
848 1892 857 1950 i
878 1889 929 1970 (an
949 1893 958 1950 i
979 1895 1009 1950 in
1030 1891 1059 1972 e)
1076 1895 1198 1951 mutauit
1210 1904 1260 1970 pr.
1277 1894 1320 1952 m’

278 1990 452 2049 Thomosz'us.
488 1993 526 2065 69
541 2000 648 2048 sortem
659 1991 742 2047 ceteri
749 1992 858 2049 codices.
894 2006 933 2065 70
947 2000 989 2049 tot
999 2000 1028 2050 et
1038 1991 1069 2049 in
1080 2001 1176 2068 partes
1195 1990 1283 2051 Voss.²
1292 2004 1321 2050 et

275 2109 326 2147 om.
339 2089 431 2149 Cus.o
444 2089 474 2146 in
483 2098 526 2147 tot
534 2098 631 2165 partes
649 2086 732 2146 Voss.¹
738 2098 835 2165 totque
845 2088 875 2145 in
885 2089 998 2165 partisb
1008 2090 1089 2166 quod
1102 2088 1170 2149 Cur.
1180 2100 1320 2150 uocarant

276 2187 344 2246 cus.
363 2184 446 2246 Voss.¹
456 2196 597 2246 ouocarat
613 2186 697 2245 Voss.2
707 2187 815 2246 locarat
830 2187 854 2257 b,
864 2188 910 2244 uti
920 2187 1014 2245 multis
1019 2194 1087 2264 pos!
1097 2189 1181 2246 annai
1193 2191 1323 2249 correxit

274 2285 424 2344 Bentlez'us.
467 2297 501 2359 71
518 2284 667 2361 Disposuit
680 2285 829 2344 Bentlee'us.

314 2383 404 2457 Quod
424 2402 452 2441 u.
474 2387 512 2458 69
533 2389 605 2441 sorte
625 2393 667 2441 est
687 2384 718 2441 in
739 2382 854 2442 Gembl.
873 2391 970 2442 sortem
992 2385 1021 2442 in
1043 2385 1151 2456 ceteris,
1165 2393 1320 2463 utrumque

273 2483 402 2553 latinum,
427 2482 479 2540 sed
504 2481 699 2540 accusatiuum
724 2481 811 2540 credo
837 2479 992 2540 Manilium
1015 2482 1192 2558 praetulisse,
1219 2493 1252 2542 ut
1276 2494 1319 2542 est

274 2581 431 2655 quaesitior
445 2581 475 2638 in
494 2579 698 2652 locutionibus,
715 2599 769 2639 nec
789 2580 844 2638 nisi
862 2580 1004 2640 rarissime
1024 2581 1097 2640 duos
1116 2581 1260 2640 ablatiuos
1279 2583 1319 2640 sic

274 2680 459 2755 neglegenter
486 2679 643 2754 coniungit.
685 2678 811 2738 Velleius
838 2679 856 2737 i.
885 2697 897 2735 1
924 2680 1021 2737 sortiti
1043 2686 1110 2738 sunt
1135 2686 1196 2737 uter
1215 2683 1318 2755 patrm

273 2779 422 2836 decederet:
445 2796 506 2835 sors
533 2775 709 2853 Urrhenum
734 2777 856 2852 conteget,
879 2777 941 2853 pari
968 2777 1063 2836 studio
1091 2777 1175 2836 solita
1199 2778 1319 2837 uitandi.

273 2874 396 2933 Dubites
417 2883 515 2933 tamen
535 2893 573 2933 an
594 2893 654 2933 non
675 2875 841 2933 Humanam
862 2874 957 2950 potius
978 2874 1162 2934 scribendum
1183 2875 1236 2948 sit;
1268 2874 1320 2934 sed

273 2973 329 3032 hoc
345 2972 423 3031 nullo
438 2973 539 3032 codice
554 2973 658 3031 nititur.
700 2972 837 3032 Proximo
851 2991 936 3032 uersu
953 2974 1037 3032 unice
1057 2991 1158 3031 uerum
1177 2981 1221 3032 est
1241 2980 1281 3032 tot
1296 2980 1322 3031 et

274 3072 304 3128 in
311 3077 409 3146 portes
423 3067 547 3147 (periri),
563 3089 622 3130 non
636 3077 724 3146 totque
740 3073 769 3128 in
781 3076 879 3147 partes
889 3091 900 3130 :
923 3090 958 3130 ex
975 3071 1025 3150 illo
1040 3070 1158 3130 defluxit
1171 3077 1198 3129 et
1209 3072 1319 3130 omisso

272 3177 313 3227 tot
333 3171 363 3227 in
374 3172 472 3244 partis
491 3168 572 3246 quod
596 3169 704 3228 habent
725 3168 791 3228 Cus.
807 3179 835 3228 et
853 3189 876 3240 o,
898 3170 928 3227 in
947 3176 986 3227 tot
997 3176 1096 3245 partes
1113 3169 1195 3247 quod
1216 3168 1302 3228 Voss.¹
1312 3189 1319 3240 ;

273 3277 374 3345 postea
394 3268 535 3326 succreuit
554 3274 641 3342 totque
658 3270 689 3324 in
703 3275 802 3344 portes
820 3267 899 3344 quod
918 3277 961 3326 est
975 3267 1005 3325 in
1020 3267 1043 3325 b.
1085 3267 1190 3327 Cetera
1208 3269 1319 3344 optime

273 3366 395 3424 correxit
417 3365 578 3437 Bentleius;
608 3384 775 3442 quanquam
796 3367 905 3423 locarat
925 3364 961 3444 (si
983 3365 1142 3443 quidquam
1165 3365 1196 3423 in
1216 3384 1255 3424 eo
1275 3377 1319 3425 est

273 3463 356 3541 lucri)
380 3464 427 3523 diu
449 3475 515 3522 ante
537 3462 700 3522 Bentleium
722 3475 884 3522 correctum
905 3463 995 3522 suerat
1017 3464 1047 3520 in
1064 3463 1088 3521 b.
1131 3462 1178 3522 Sic
1199 3462 1239 3521 11.
1259 3467 1315 3539 382

272 3581 359 3620 secum
380 3564 501 3637 mengum
520 3579 573 3637 pro
592 3581 619 3618 se
636 3563 809 3637 contiengunt
820 3570 887 3620 ante
905 3561 1067 3620 Bentleium
1084 3560 1109 3619 is
1126 3561 1252 3620 correxit
1268 3561 1318 3638 qui

272 3660 302 3718 id
322 3659 512 3736 adscripscrat
532 3669 599 3717 ante
621 3677 646 3717 a.
665 3662 741 3716 1600
758 3660 789 3716 in
806 3659 937 3734 margine
958 3659 1090 3718 editionis
1113 3657 1268 3719 Romanae
1290 3677 1317 3716 a.

276 3773 361 3832 1510,
381 3758 431 3834 qui
449 3775 539 3834 penes
559 3774 607 3815 me
626 3767 679 3828 est,
698 3757 734 3815 de
754 3775 813 3834 quo
833 3757 908 3816 libro
929 3757 1088 3832 ceterisque
1110 3756 1149 3814 ibi
1170 3756 1316 3816 adnotatis

273 3856 371 3914 omnia
385 3856 413 3914 in
428 3855 578 3933 Epimetro
593 3855 726 3914 adnexui.
