2760 4448
181 259 243 324 206
497 271 645 324 nocuus
665 269 916 324 Mnurrrnmeu

300 431 416 504 εἴδωλον,
437 435 468 489 rd
487 433 534 505 μὲν
554 437 624 492 οὔτις
644 431 778 491 ἐπίσταται
798 434 920 508 &ppetuu
938 436 1018 493 εἰπεῖν

300 531 354 587 οὐδ’
374 531 438 588 ὅπη
458 532 578 603 κρέμαται
598 535 678 591 κεῖνος
697 536 776 610 πόνῳ,
797 533 867 589 ἄλλά
886 556 931 606 μιν
950 538 1034 594 airus

299 630 454 705 Ἐγγόνασιν
469 631 602 688 καλέουσι.

219 729 278 785 616
293 728 378 784 ὅντινα
391 732 485 784 τοῦτον
498 727 591 784 αἵστον
603 729 763 802 ὑπουρανίων
777 730 910 790 εἰδώλων.
924 772 933 787 .
951 773 959 788 .
973 729 1108 803 equum

177 831 182 846 '
220 825 279 885 Sed
306 825 358 885 etsi
380 825 559 885 Thomasius
586 826 761 886 sententiam
789 828 865 886 bene
892 829 1047 905 perspexit,
1069 830 1230 890 litterarum

177 925 280 983 ductus
298 942 361 983 non
381 923 505 982 muitum
525 923 648 1000 reliquit,
669 925 789 1002 propius
809 925 881 984 mihi
906 926 1022 986 uidetur
1045 928 1083 987 ab
1108 927 1152 988 his
1178 930 1230 989 ab·

176 1023 287 1081 iuturus
301 1021 388 1081 fuisse
403 1022 426 1081 si
440 1040 494 1100 pro
506 1024 558 1081 cui
568 1023 648 1080 nulla
661 1023 843 1100 praetulisset
853 1026 886 1082 εἰ
895 1026 962 1083 huic
974 1027 1045 1084 ullu.
1077 1025 1229 1086 Nimirum

175 1122 284 1181 litterae
297 1122 327 1179 si
336 1131 454 1198 propter
466 1120 646 1198 praecedens
657 1123 706 1179 εἰη
719 1111 899 1195 eireiderunt,
913 1125 979 1182 luic
992 1126 1052 1182 ulla
1065 1124 1096 1183 in
1107 1127 1229 1201 gue‘cula

176 1218 237 1281 siue
248 1221 362 1296 guicelu
375 1228 518 1278 mutatum
533 1229 585 1278 est
628 1217 755 1278 Versum
769 1220 867 1298 itaque
882 1221 924 1281 sic
939 1221 1053 1298 refingo

296 1317 479 1394 Engonasin,
499 1317 525 1377 si
545 1317 614 1376 huic
635 1317 693 1377 ulla
713 1319 786 1378 fides
807 1321 862 1379 sub
883 1320 997 1397 origine
1017 1330 1144 1394 oonstat,

173 1417 280 1496 quibus
295 1416 392 1476 uerbis
408 1425 497 1494 poeta
515 1415 647 1475 dubitare
667 1434 699 1476 se
710 1417 866 1494 profitetur
884 1435 955 1477 num
974 1419 1034 1479 ulia
1047 1438 1118 1480 uera
1139 1420 1228 1480 huius

173 1516 301 1576 nominis
316 1524 430 1575 constet
444 1514 632 1592 etymologia

213 1613 250 1674 V.
264 1617 283 1673 6
288 1617 408 1690 54-656
423 1614 465 1674 sic
479 1623 581 1673 extant
595 1614 626 1672 in
640 1610 757 1672 Gembi

294 1713 381 1773 Certa
401 1731 454 1790 per
474 1712 620 1772 extinctos
640 1712 724 1788 ponit
744 1712 870 1788 uestigia
889 1713 959 1788 llll
980 1712 1066 1774 funes

293 1812 333 1871 Et
353 1811 427 1871 caeli
448 1812 604 1871 meditatus
625 1811 680 1871 iter
700 1811 824 1887 uestigia
843 1810 945 1888 perdet

293 1909 332 1969 Et
352 1928 467 1987 peneua
488 1920 517 1969 et
537 1910 671 1987 pendens
691 1908 828 1987 porulum
849 1908 1000 1986 suspendit
1020 1911 1058 1969 ab
1079 1911 1154 1988 ipsa.

179 2044 182 2048 -
211 2012 272 2084 654
297 2017 429 2068 extentos
450 2007 578 2084 Regum.
598 2009 683 2086 ponit
706 2010 810 2068 codz'cer
830 2010 957 2084 plerique
979 2018 1071 2085 ponet
1091 2008 1224 2086 Regnum.

169 2108 254 2168 funes
274 2111 354 2168 etrum
368 2109 448 2185 szr.
466 2116 493 2166 c!
507 2106 636 2184 Regum.
657 2108 730 2167 fines
744 2109 881 2184 plerique.
922 2110 982 2182 656
1004 2117 1035 2167 et
1056 2125 1173 2185 peueua
1193 2119 1224 2168 et

170 2208 304 2285 pendens
317 2207 390 2268 Cur.
430 2206 469 2265 Et
486 2225 563 2284 pene
579 2203 632 2237 ***
648 2216 677 2265 et
695 2207 829 2285 pendens
851 2204 937 2264 Voss.¹
950 2205 1077 2266 torulum
1089 2205 1222 2282 Regium.

168 2305 261 2383 Neup.
275 2307 339 2383 ipsa
356 2305 424 2366 Cur.
439 2305 504 2382 ipso
525 2305 661 2376 Vossiam',
676 2305 718 2363 bo
732 2304 889 2382 suspendet
901 2323 918 2362 o
930 2302 1061 2380 Regium.

209 2404 411 2463 Emendarunt
423 2402 468 2462 Et
483 2414 573 2480 paene
592 2409 625 2461 ut
636 2404 759 2479 pendens
779 2402 916 2479 Scaliger,
933 2400 979 2461 Et
990 2413 1085 2479 perna
1099 2403 1224 2479 pendens

168 2504 287 2562 isaacus
301 2502 433 2573 Vossius,
447 2501 544 2560 Paene
558 2521 614 2559 suu
633 2508 659 2558 et
670 2503 792 2580 pendete
808 2499 965 2573 Bentleius‚
979 2500 1059 2560 Pone
1069 2520 1126 2559 sua
1142 2500 1221 2561 Dor·

167 2603 272 2674 uillius,
293 2599 328 2659 E
339 2612 433 2677 penna
454 2607 481 2660 et
495 2601 617 2676 pendeus
638 2599 764 2659 Iacobus
775 2619 784 2673 3
814 2599 859 2657 Et
874 2610 978 2677 pegma
997 2601 1140 2658 accendens
1160 2619 1220 2677 ego

165 2701 287 2760 conieci.
333 2699 411 2760 Nam
436 2708 605 2775 corruptum
625 2697 697 2757 illud
714 2708 823 2774 peneua
847 2698 1016 2758 inusitatum
1039 2699 1218 2758 uocabulum

167 2799 274 2876 prodit.
316 2797 391 2858 Mox
406 2799 541 2877 populum
555 2797 703 2873 suspendet
713 2798 752 2856 ub
769 2799 829 2877 ipso
845 2815 886 2857 sc.
900 2797 1010 2857 tenebit
1024 2815 1186 2874 suspensos
1200 2816 1219 2858 a

164 2916 199 2956 se
223 2898 288 2974 ipso
313 2896 414 2973 populi
442 2895 539 2954 uultus
566 2895 625 2954 iam
655 2895 704 2954 diu
727 2896 837 2955 editum
864 2907 927 2956 est:
961 2896 1017 2955 nisi
1041 2895 1090 2955 cui
1118 2897 1217 2972 potius

164 2995 292 3077 placebit
305 2994 435 3066 torulum,
450 2993 531 3074 quod
545 2993 622 3052 dedit
637 2993 899 3071 Regiomontanus,
915 3013 933 3054 a
947 2993 1097 3054 ‘sestoon’
1113 2993 1215 3067 ‘tillet’

164 3104 197 3154 ut
215 3093 391 3170 significetur
409 3092 453 3150 uir
472 3110 538 3153 eum
556 3110 664 3173 pegma
681 3092 812 3151 ascendit
832 3093 870 3150 ibi
891 3092 922 3151 in
941 3111 1057 3153 summo
1076 3102 1215 3170 pegmate

164 3192 300 3264 torulum,
317 3188 394 3270 (siue
410 3189 458 3249 hic
477 3200 521 3250 est
538 3190 757 3253 circumflexum
772 3190 912 3268 quiddam
931 3191 1019 3251 uittae
1034 3191 1138 3264 modo,
1153 3192 1214 3250 siue

162 3301 210 3350 est
228 3289 369 3368 pilleolus,
388 3287 464 3351 Rich
478 3287 652 3364 Compuere'on
671 3295 699 3352 to
715 3289 805 3353 Latin
821 3287 992 3368 De'ctruuugr
1008 3308 1037 3366 p.
1058 3288 1131 3370 678)
1150 3307 1215 3348 sus·

164 3391 301 3468 pendere,
314 3405 373 3467 quo
388 3406 419 3447 se
433 3387 464 3446 in
477 3405 625 3447 summum
638 3388 752 3449 enisum
769 3396 798 3447 et
814 3388 957 3467 propositi
971 3389 1029 3448 iam
1040 3399 1213 3466 compotem

163 3509 226 3556 esse
241 3488 392 3550 ostendat:

286 3586 373 3646 Certa
393 3604 445 3663 per
465 3593 598 3645 extentos
617 3593 707 3663 ponet
726 3585 849 3663 uestigia
869 3584 954 3646 funes

285 3685 324 3743 Et
345 3683 415 3743 caeli
436 3683 591 3743 meditatus
611 3684 665 3743 iter
685 3684 806 3761 uestigia
827 3684 928 3762 perdet

283 3784 322 3842 Et
342 3801 448 3860 pegma
467 3782 625 3842 escendens
645 3783 787 3860 populum
809 3782 966 3859 suspendet
986 3783 1023 3841 ab
1044 3781 1119 3859 ipso.

159 3882 300 3952 Notanda
314 3882 345 3944 in
363 3880 407 3940 his
424 3890 468 3940 est
486 3882 598 3948 iteratio
617 3883 919 3963 ueslzgzu—uestzgzu;
942 3880 1030 3947 credo
1049 3890 1149 3943 umen
1169 3881 1212 3942 sic
