2760 4448
490 1094 813 1187 ammonas,

163 1365 338 1433 Regt'omont.
367 1363 427 1416 ‘Ex
448 1364 559 1418 officina
583 1364 715 1418 Iohannis
736 1365 772 1418 de
795 1362 962 1432 Regiomt’ne
984 1362 1127 1418 habitante
1150 1363 1178 1416 in

235 1448 428 1516 Nuremberga
440 1447 544 1516 oppido
558 1448 708 1514 Germanie
722 1446 959 1501 celebratissimo.'

200 1533 341 1600 Impressa
353 1530 474 1584 creditur
486 1550 512 1584 a.
529 1544 594 1597 1472
610 1529 749 1599 (Brunet).

162 1615 253 1683 Neap.
274 1615 462 1683 ‘lmpressum
474 1613 584 1682 neapuli
597 1631 647 1683 per
661 1614 796 1668 Iodocum
808 1612 982 1682 hoensteyn.’

200 1697 282 1751 Circa
293 1714 319 1751 a.
336 1710 400 1766 1475
417 1696 543 1765 (Brunet,
557 1696 715 1766 Quaritch).

162 1781 346 1834 Bonincontr.
367 1780 525 1834 ‘Laurentii
539 1821 545 1834 .
557 1779 748 1835 Bonincontrii
763 1820 769 1833 .
781 1778 960 1834 Miniatensis
971 1819 978 1833 .
990 1781 1031 1832 In.
1043 1781 1074 1834 C.
1085 1779 1177 1833 Mani·

233 1863 323 1916 lium.
341 1865 509 1918 Comentum
527 1904 533 1917 .
551 1865 643 1918 Rome
655 1863 823 1932 impressum
844 1865 949 1916 .Ann0
962 1862 1067 1916 domini
1088 1865 1177 1917 .Mil-

233 1946 899 2016 lesimoquadringentesimooctuagesimoquarto
947 1986 953 1999 .
1002 1945 1124 2000 Sedente
1170 1986 1177 2001 .

235 2034 397 2088 Innocentio
409 2044 510 2088 octauo
529 2074 536 2086 .
552 2034 686 2088 Pontifice
698 2034 820 2087 maximo
839 2073 846 2086 .
861 2035 944 2086 Anno
954 2032 1014 2087 eius
1033 2073 1040 2086 .
1060 2033 1150 2103 primo
1170 2075 1176 2088 .

235 2117 289 2171 Die
302 2135 368 2171 uero
380 2116 595 2186 uigesimasexta
613 2158 620 2171 .
641 2117 749 2172 Mensis
764 2116 895 2170 Octobris
914 2157 920 2170 .
939 2116 1014 2170 Finit
1027 2116 1176 2171 foeliciter.¹

235 2203 311 2267 1484.

161 2284 231 2338 ΑΜ.
256 2285 396 2338 ‘Venetiis
427 2302 501 2352 cura,
531 2287 556 2339 &
587 2284 730 2353 diligentia
760 2283 825 2337 Aldi
858 2285 911 2336 Ro.
940 2284 1042 2337 Mense
1073 2283 1175 2337 Octob.

233 2369 320 2421 unm!
361 2368 472 2421 Eodem
492 2369 635 2422 uolumine
655 2369 748 2422 insunt
769 2366 881 2420 Firmici
906 2366 1053 2432 Mathesis,
1072 2368 1176 2421 Aratea

233 2451 403 2517 Germanici,
416 2451 567 2518 Ciceronis,
581 2451 691 2518 Auieni,
704 2453 808 2505 Aratus
820 2467 920 2518 graece
932 2467 996 2503 cum
1009 2450 1134 2503 Theonis
1148 2450 1176 2503 in

233 2551 297 2588 eum
311 2535 438 2600 Scholiis‚
450 2534 539 2588 Procli
555 2536 680 2604 Sphaera
693 2552 802 2603 graece,
816 2544 842 2587 et
856 2534 955 2587 eadem
967 2533 1054 2587 latine
1064 2534 1176 2588 Thoma

234 2618 351 2672 Linacro
365 2618 500 2672 Britanno
514 2619 672 2688 interprete.

160 2703 291 2754 Romana
312 2719 335 2756 a.
359 2716 369 2756 1
376 2714 434 2770 510.
471 2702 578 2755 ‘Marci
601 2700 710 2754 Manilii
730 2700 945 2754 Astronomicon
963 2700 1001 2753 ad
1024 2701 1174 2755 Caesarem

232 2787 391 2854 Augustum
405 2785 514 2839 nouiter
530 2803 564 2838 ac
579 2783 791 2854 diligentissime
810 2783 1008 2838 emendatum'
1047 2786 1079 2837 In
1097 2786 1175 2839 calce

233 2869 338 2923 ‘Marci
365 2868 474 2922 Manilii
503 2867 693 2922 mathematici
717 2867 934 2921 Astronomicon
963 2867 1023 2921 finit
1050 2867 1174 2922 feliciter.

234 2953 404 3021 lmpressum
429 2954 528 3005 Romae
549 2969 598 3020 per
615 2951 779 3020 magistrum
799 2951 933 3004 Iacobum
954 2950 1102 3005 Mazochit'i
1121 2952 1174 3005 Ro.

231 3036 404 3090 achademiae
427 3035 614 3104 Bibliopolam
634 3037 718 3088 Anno
742 3033 845 3088 Salutis
869 3036 908 3088 M.
932 3035 958 3087 d.
983 3054 1008 3087 x.
1045 3037 1174 3103 Regnate

232 3119 297 3172 diuo
311 3120 381 3172 lulio
396 3118 526 3172 Secundo
540 3120 619 3172 Pont.
635 3119 711 3172 Max.
724 3119 808 3172 Anno
821 3117 881 3171 eius
893 3118 969 3171 VII.'

197 3201 292 3256 Editio
315 3202 421 3271 optima
442 3201 597 3270 eademque
619 3201 713 3254 rarior.
752 3201 903 3269 Exemplar
926 3217 1018 3254 meum
1039 3200 1105 3252 olim
1126 3202 1173 3252 In-

230 3286 318 3354 grami
334 3288 462 3355 Bywater
473 3285 531 3339 suit
571 3287 669 3338 Insunt
686 3284 820 3338 lectiones
836 3285 987 3338 nonnullae
1006 3283 1126 3352 scriptae
1144 3283 1171 3334 in

230 3369 357 3437 margine
385 3369 431 3423 lib.
462 3370 501 3435 II,
531 3369 566 3422 de
594 3368 695 3438 quibus
724 3367 841 3422 disserui
870 3368 898 3422 in
923 3368 1068 3436 Epimetro
1097 3367 1172 3436 quod

232 3453 370 3506 Noctibus
389 3452 517 3507 adnexui.

159 3537 263 3590 Molr'n.
282 3536 398 3589 Antonii
423 3535 533 3590 Molinii
555 3535 773 3590 Matisconensis
795 3533 924 3602 (Macon)
947 3534 1024 3588 edita
1044 3533 1172 3602 Lugduni

232 3620 259 3673 in
272 3620 389 3673 aedibus
405 3619 518 3673 Ioannis
531 3618 667 3673 Tomaesii
681 3637 705 3672 a.
724 3631 799 3687 1551.

160 3703 236 3756 Scal.
257 3703 369 3771 Iosephi
384 3702 517 3771 Scaligeri
532 3703 575 3757 ed.
591 3704 612 3756 l.
629 3715 703 3771 1579.
742 3704 779 3755 ll.
796 3703 871 3756 1600.
910 3702 963 3754 III.
980 3701 1054 3769 1655.

159 3787 261 3856 Delpa
282 3787 471 3855 Delphiniana
485 3787 564 3856 Fayi,
581 3788 656 3854 1679.
684 3786 831 3840 Accedunt
846 3786 919 3839 Petri
934 3785 1061 3839 Danielis
1076 3783 1173 3841 Huetii

229 3869 496 3925 AnImaduersiones
509 3871 546 3924 ad
561 3869 710 3924 Manilium
723 3880 750 3924 et
764 3869 897 3938 Scaligeri
910 3876 1001 3923 notas.
