2760 4448
205 414 261 475 111.
277 433 334 491 40²
351 413 392 474 sic
406 423 505 474 extant
520 414 549 473 in
565 411 682 474 Gembl.
697 426 725 474 et
740 415 808 475 Cus.

286 514 327 573 Vt
347 523 488 591 quantum
508 532 567 572 una
588 513 659 573 ferat
679 523 792 573 tantum
814 514 1011 573 tribuatur=.ad
1031 523 1112 573 ortus

287 612 443 689 Temporis
463 612 587 672 aduerso
608 614 759 672 nascentia
780 612 885 689 sydera
905 621 997 672 tauro.

207 729 263 783 402
279 729 353 770 urna
366 711 496 804 {legiam
527 722 622 770 ortum
636 711 661 769 b.
693 730 751 785 403
767 710 842 787 Ipsis
850 720 908 787 pra
922 711 1118 788 Temporisb
1147 728 1214 769 nas-

161 810 240 869 centi
255 810 347 869 sidere
361 810 517 868 Breiterus.

207 905 282 966 Mire
296 907 343 966 hic
361 909 528 983 conspirant
542 907 572 964 in
585 925 709 984 prauum
724 907 856 966 codices:
879 906 958 966 solus
979 907 994 965 b
1016 907 1098 968 cuius
1119 907 1216 965 tenuis

162 1016 209 1064 est
230 1007 386 1064 auctoritas
403 1006 505 1077 uariat,
520 1004 572 1064 sed
592 1016 625 1063 ut
646 1004 716 1063 nihil
737 1005 844 1067 adferat
864 1006 943 1064 lucri.
986 1006 1044 1065 Sed
1063 1024 1118 1082 pro
1135 1015 1215 1064 certo

163 1103 270 1174 habeo,
295 1104 477 1162 retinendum
499 1122 563 1162 esse
588 1110 678 1175 tauro,
701 1103 865 1162 eiciendum
885 1106 968 1162 tauri
985 1104 1064 1181 quod
1087 1103 1216 1180 Scaliger

162 1203 284 1262 inuexit.
336 1201 425 1273 Quod
450 1201 576 1261 Huetius
596 1221 693 1260 auersa
717 1203 865 1278 praecepit
889 1202 1072 1262 scribendum
1092 1221 1164 1272 esse,
1186 1202 1217 1261 id

162 1310 335 1378 receperunt
354 1300 489 1359 uniuersi.
531 1300 665 1377 Denique
682 1303 823 1358 nascentia
841 1301 940 1376 sydera
959 1319 1019 1360 non
1038 1320 1075 1359 ex
1095 1303 1220 1359 nascenti

163 1400 254 1457 sidere
277 1410 380 1468 ortum,
402 1398 454 1457 sed
478 1417 515 1457 ex
538 1400 664 1457 nascenti
682 1399 723 1456 ad
741 1400 834 1457 sidera
856 1399 1001 1458 existimo.
1053 1398 1161 1458 Sensus
1183 1418 1215 1458 es

164 1504 273 1556 tantum
283 1499 412 1575 temporis
419 1496 563 1556 tribuatur
573 1498 698 1555 adortus
715 1497 811 1556 Tauro
821 1499 946 1556 nascenti
954 1499 994 1556 ad
1004 1499 1098 1557 se'dera
1109 1517 1215 1557 auersa.

165 1597 282 1655 Taurus
296 1597 423 1655 nascitur
437 1595 475 1656 ad
489 1592 726 1667 sidera'auersus
736 1596 799 1656 siue
813 1614 933 1656 auersus
948 1597 1027 1657 uenit
1040 1597 1175 1656 exoriens
1185 1596 1216 1656 in

165 1713 217 1754 sua
233 1695 335 1754 sidera.

207 1793 264 1853 III.
280 1810 339 1864 410

289 1890 362 1951 Inde
382 1891 445 1969 pari
465 1889 549 1969 uirgo
570 1889 710 1969 procedat
731 1891 871 1970 temporis
892 1901 960 1951 actu

166 1998 229 2051 actu
244 1989 361 2051 Gembl.
373 1999 403 2050 et
416 1990 508 2049 nostri
521 2008 634 2050 omnes.
672 1999 756 2049 auctu
770 1990 816 2050 ed.
831 1991 969 2068 Regiam.
1002 1991 1070 2051 Hoc
1086 1991 1217 2069 Scaliger

166 2089 284 2168 recepit,
307 2088 385 2166 ‘pari
406 2085 544 2148 excessu'
563 2088 764 2165 interpretans,
779 2088 831 2148 sed
851 2088 913 2148 iure
935 2088 1062 2149 Huetius
1082 2090 1217 2149 codicum

166 2188 322 2249 lectionem
347 2195 441 2247 tuetur
465 2187 600 2265 quamuis
625 2186 850 2264 significationes
874 2187 924 2245 uix
946 2187 1016 2247 satis
1040 2188 1216 2247 discreuerit.

167 2286 247 2345 Nam
270 2286 295 2344 1.
318 2298 377 2360 573
401 2293 540 2345 extremas
563 2286 691 2362 designat
704 2287 844 2365 feruidus
867 2293 947 2345 actus
974 2286 1011 2344 de
1036 2304 1122 2346 cursu
1147 2286 1217 2345 solis

158 2386 277 2445 ‘dictum
291 2393 343 2456 est,
358 2384 398 2443 11.
412 2402 469 2456 140
477 2383 538 2443 Nec
548 2394 600 2460 per
613 2386 666 2442 iter
676 2386 763 2443 sacras
776 2404 915 2443 commune
923 2384 1081 2460 gerentibus
1091 2392 1170 2444 actus
1180 2385 1217 2444 de

167 2483 270 2542 semita
291 2501 344 2559 per
368 2500 458 2558 quam
482 2492 587 2559 poetae
611 2500 712 2541 currus
738 2500 805 2549 suos
830 2491 929 2557 agunt.
973 2481 1031 2542 Sed
1056 2483 1217 2542 simillimus

167 2591 268 2640 nostro
282 2591 326 2641 est
339 2599 441 2640 uersus
455 2582 492 2639 ab
504 2580 616 2640 Huetio
630 2580 731 2640 allatus
744 2581 799 2640 111.
810 2583 867 2653 482
883 2582 1034 2658 se'ene'le'sque
1047 2582 1121 2640 redet
1132 2601 1218 2658 quam

166 2685 296 2739 creuerat
317 2685 391 2737 actu,
432 2678 566 2738 Refertur
590 2680 637 2739 hic
661 2697 764 2738 sensus
788 2678 826 2738 ad
850 2697 990 2739 numeros
1014 2690 1043 2739 et
1068 2680 1218 2739 interualla

168 2795 365 2849 numerorum,
376 2777 419 2835 uti
429 2777 629 2837 demonstrant
638 2797 673 2836 ea
684 2796 759 2855 quae
772 2776 980 2854 Nettleshipius
991 2779 1093 2838 adtulit
1104 2778 1217 2838 Contri-

168 2878 274 2938 buiians
292 2883 319 2934 ia
337 2876 426 2934 Latin
442 2875 663 2952 Lexieograplue
677 2887 704 2952 p.
726 2894 773 2950 31,
791 2877 842 2934 ubi
862 2875 934 2934 haec
955 2876 1024 2934 dicit
1045 2882 1080 2935 ‘a
1101 2877 1219 2937 definite

169 2994 255 3051 space
276 2976 407 3033 between
422 2983 479 3032 two
497 2974 583 3049 given
603 2974 708 3050 points,
724 2973 758 3033 os
775 2974 920 3046 numbers,
936 2991 968 3032 as
988 2974 1063 3033 from
1080 2995 1092 3032 1
1111 2985 1141 3034 to
1162 2993 1218 3051 90:

168 3073 261 3133 Varro
272 3072 306 3131 L.
317 3071 351 3130 L.
363 3091 389 3149 9.
400 3075 438 3130 86
453 3074 577 3132 amnibus
591 3069 738 3151 (numeris)
752 3079 792 3130 esi
803 3092 861 3130 una
874 3065 1027 3130 nouenaria
1042 3075 1149 3149 regula,
1163 3076 1217 3130 eiua

169 3181 252 3243 actus,
268 3177 324 3231 ires
336 3172 449 3247 gradus
457 3190 473 3239 ,·
495 3170 529 3229 ol
545 3170 712 3247 aqueductS,
724 3170 835 3230 Vitruv.
851 3173 877 3228 8.
894 3184 920 3245 7.
936 3190 953 3245 3
962 3174 1093 3247 puteique
1106 3174 1147 3229 ita
1160 3174 1220 3230 sini

158 3270 454 3346 sacie'uiiinierbinos
464 3272 610 3328 suniarius
620 3291 634 3339 ,·
649 3271 689 3330 ib.
700 3283 716 3344 7
726 3271 799 3328 e'nter
809 3276 887 3326 aetus
897 3270 1024 3328 ducentos
1039 3314 1046 3327 .
1062 3314 1068 3328 .
1084 3313 1091 3329 .
1106 3270 1217 3329 castella
1267 3339 1271 3346 ,

169 3367 322 3428 conlocare?
365 3368 532 3429 Clarissima
560 3379 628 3429 sunt
655 3387 730 3445 quae
752 3366 846 3426 Varro
875 3367 892 3425 l.
914 3386 940 3428 c.
966 3368 1035 3427 dicit
1064 3372 1100 3443 87
1127 3368 1217 3426 Actus

167 3469 275 3542 prensus
302 3474 343 3526 est
365 3467 401 3526 ab
422 3486 477 3526 una
496 3468 537 3526 aa'
557 3474 703 3543 nongenta,
725 3467 860 3524 secundus
880 3485 900 3523 u
921 3467 995 3524 melle
1018 3467 1060 3524 ad
1079 3472 1217 3541 nongenta

169 3567 247 3649 milia
257 3586 269 3625 .·
291 3575 321 3625 et
334 3583 404 3625 mox
416 3567 529 3642 gradus
546 3567 704 3642 stimularet
722 3573 763 3624 est
780 3567 810 3622 in
829 3573 944 3640 utraque
964 3572 1028 3623 actu
1048 3565 1083 3623 ab
1104 3583 1157 3621 uno
1179 3563 1221 3619 ad

170 3683 271 3723 nauem.
313 3662 380 3724 Nec
400 3664 526 3723 multum
547 3664 634 3724 distat
654 3663 828 3741 significatio
848 3664 879 3721 in
901 3663 1002 3723 Germ.
1021 3663 1135 3722 Arateis
1157 3674 1214 3736 352

170 3764 254 3822 lateri
277 3782 332 3821 nan
357 3765 478 3839 amplior
504 3768 583 3822 actus
614 3761 705 3834 Quane
733 3765 829 3838 surgit
854 3763 946 3833 nialus
970 3762 1020 3821 ubi
1049 3767 1215 3821 mensuram

171 3862 313 3938 signifieat
328 3861 375 3922 uel
389 3861 611 3938 longitudinem.

683 3980 703 4020 u
