2760 4448
632 166 653 220 r
1127 174 1167 242 23

114 345 205 406 sacris
229 344 380 419 coleretur,
403 343 536 423 potuisse
562 344 619 405 dici
641 345 754 405 caelum
776 363 897 422 regere
921 355 1062 423 tanquam
1089 354 1166 405 esset

115 445 211 504 socius
225 445 389 517 Tonantis;
412 445 493 521 quod
507 453 606 503 autem
619 445 681 503 uult
696 444 804 504 Bittius
818 462 919 505 uersus
933 444 974 504 sic
990 444 1166 522 distinguere

358 541 541 620 Venerisque
561 543 600 602 ab
621 543 732 619 origine
752 544 849 619 proles

235 639 328 699 Iulia:
359 640 510 700 descendit
530 640 621 713 caelo,
643 641 814 718 caelumque
834 639 963 718 repleuit,

237 737 328 810 Quod
349 738 422 824 regit
442 737 592 816 Augustus
614 739 696 799 socio
716 757 769 817 per
790 739 874 817 signa
895 738 1034 799 Tonante
1048 743 1100 798 &o

111 837 295 913 paucissimis
315 836 346 896 id
366 837 454 898 credo
475 856 689 916 persuasurum.

153 934 177 994 I.
193 938 333 1012 809-812

234 1032 309 1094 Sunt
329 1034 386 1094 alia
406 1034 532 1094 aduerso
552 1035 715 1112 pugnantia
737 1033 832 1095 sidera
851 1033 965 1094 mundo

233 1132 319 1204 Quae
340 1142 447 1192 terram
468 1133 641 1211 caelumque
661 1135 735 1193 inter
755 1133 906 1193 uolitantia
926 1133 1055 1210 pendent

232 1230 350 1290 Saturni
371 1231 452 1291 Iouis
473 1242 502 1291 et
524 1230 628 1291 Martis
650 1231 785 1310 Solisque
807 1233 862 1291 sub
882 1231 937 1291 illis

231 1327 395 1389 Mercurius
417 1328 564 1389 Venerem
585 1331 661 1390 inter
680 1331 739 1408 agit
760 1330 935 1407 Lunamque
955 1328 1075 1389 locatus.

150 1429 207 1485 812
223 1445 363 1487 uenerem
377 1433 387 1485 ῑ
399 1428 493 1505 tangit
514 1426 601 1488 Voss.l

148 1525 225 1584 Cum
239 1526 284 1586 his
298 1544 346 1584 uu.
361 1527 551 1605 comparandi
565 1537 634 1587 suut
643 1526 680 1584 V.
697 1540 754 1603 5-7
770 1526 815 1586 Ac
822 1538 878 1603 per
890 1527 1043 1586 descensum
1059 1526 1159 1585 medies

98 1631 282 1700 percurreret
298 1626 376 1702 ignes
390 1623 518 1684 Saturni
527 1624 608 1684 Ioue's
626 1632 652 1684 el
668 1625 781 1685 Martis
802 1624 929 1702 Solisque
947 1625 998 1683 sub
1015 1625 1074 1683 e'llz's
1086 1625 1161 1683 Post

113 1721 237 1781 Venerem
258 1730 285 1781 et
303 1722 392 1781 Maia
412 1729 511 1782 nutum
531 1731 564 1796 te,
581 1724 678 1794 Luna,
700 1731 857 1800 uagantem.
900 1722 973 1782 Sunt
994 1722 1073 1782 enim
1095 1729 1156 1782 tam

105 1820 214 1880 similes
227 1832 260 1879 ut
273 1821 311 1880 ad
325 1821 390 1880 illos
405 1822 435 1880 hi
449 1821 653 1881 conformandi
668 1823 732 1893 sint,
748 1833 776 1882 et
790 1823 831 1882 sic
846 1821 1043 1898 distinguendi

229 1917 344 1978 Saturni
365 1919 445 1979 Iouis
466 1930 496 1980 et
517 1920 621 1980 Martis
644 1920 794 1998 Solisque:
823 1921 878 1979 sub
898 1920 954 1979 illis

227 2017 297 2078 Post
317 2018 464 2079 Venerem
485 2029 515 2078 et
537 2018 619 2079 Maia
639 2029 741 2077 natum
762 2028 800 2092 te,
823 2018 916 2090 Luna,
938 2027 1096 2094 uagantem

103 2113 185 2191 quod
209 2133 318 2176 moneo
342 2128 461 2195 propter
483 2117 618 2191 editores,
642 2117 693 2196 qui
718 2134 822 2176 omnes
847 2117 1065 2176 distinctionem
1087 2125 1156 2193 post

101 2213 154 2271 sub
167 2214 226 2272 illis
239 2226 408 2293 posuerunt.
439 2216 605 2294 Vtrumque
620 2216 719 2275 locum
732 2214 882 2275 Bentleius
896 2216 934 2274 ab
946 2215 1154 2291 interpolatore

103 2312 224 2373 credidit
237 2313 409 2390 proiectum,
420 2315 472 2374 sed
486 2332 503 2374 a
517 2315 590 2374 libro
605 2314 634 2372 V
647 2315 697 2373 uix
712 2323 846 2391 poterant
860 2315 980 2372 abesse:
1005 2313 1042 2372 de
1056 2313 1153 2390 priore

100 2410 289 2472 locohaereo
317 2411 397 2472 Nam
406 2413 487 2490 quod
497 2430 634 2473 uersuum
642 2413 666 2473 1.
678 2416 816 2489 809-812
831 2412 993 2472 scabritiem
1003 2411 1153 2472 Bentleius

100 2509 290 2586 reprehendit,
305 2509 393 2571 habet
411 2512 525 2588 peiores
544 2510 683 2571 Manilius
700 2521 729 2571 et
748 2530 823 2589 quos
840 2529 928 2570 nemo
943 2521 1041 2569 tamen
1060 2511 1098 2569 ab
1116 2529 1153 2571 eo

100 2608 287 2668 abiudicarit:
306 2618 439 2687 tumque
453 2629 490 2669 ex
502 2628 534 2669 re
545 2609 692 2670 Bentleius
706 2611 861 2687 praecipue
872 2628 924 2669 eos
935 2608 1151 2682 condemnauit,

98 2704 151 2764 sub
162 2707 219 2765 e'lle's
232 2706 399 2766 Mercurius
417 2709 542 2767 Venerem
557 2712 630 2767 e'nter
643 2711 705 2786 agit
715 2710 882 2785 Lunamque
892 2711 1005 2780 locutus,
1017 2708 1151 2767 nondum

98 2804 284 2882 exploratum
308 2817 353 2866 est
378 2817 455 2867 recte
480 2808 521 2868 sic
546 2809 637 2868 uerba
661 2809 718 2868 edi.
741 2808 839 2868 Voss.²
863 2808 910 2866 cui
937 2818 1005 2884 post
1034 2806 1151 2867 Gembl.

98 2921 215 2980 semper
238 2904 348 2982 primas
371 2905 478 2978 tribuo,
501 2905 600 2965 locum
625 2907 662 2965 sit
686 2906 803 2966 exhibet
829 2906 879 2965 sub
903 2908 962 2965 illes
981 2904 1151 2963 Mercurius

97 3021 221 3061 uenerem
243 3008 256 3061 i
273 3004 370 3080 tungri
387 3006 536 3079 lunamque
556 3005 679 3064 loeutus:
699 3004 728 3063 id
749 3023 801 3082 per
820 3004 928 3064 litteras
948 3004 1087 3081 scriptum
1107 3003 1149 3062 sic

97 3102 195 3160 euadit
217 3120 340 3160 uenerem
365 3103 497 3178 entenge't.
550 3102 620 3162 Hoc
644 3104 675 3160 e'n
700 3103 814 3162 uidetur
834 3120 916 3162 mero
940 3120 1037 3162 errore
1060 3120 1096 3160 ex
1122 3119 1149 3158 m

96 3199 274 3259 conflatum:
296 3199 356 3258 iam
370 3219 397 3258 m
414 3219 466 3277 per
480 3200 707 3277 dittographiam
721 3220 738 3259 a
753 3201 850 3278 priore
864 3199 1009 3259 uocabulo
1023 3217 1146 3257 uenerem

96 3297 233 3357 tralatum
252 3307 338 3376 atque
357 3297 491 3357 iteratum
512 3316 583 3370 esse,
598 3299 848 3376 quemadmodum
863 3298 915 3359 IV.
932 3301 991 3371 640
1006 3299 1147 3355 uictricem

94 3394 224 3454 Ebusum
244 3395 412 3456 factumest
429 3396 459 3454 iu
473 3394 571 3457 Voss.¹
585 3401 726 3456 uictricem
748 3399 895 3468 mebusum,
911 3396 963 3455 IV.
981 3416 1018 3471 39
1042 3395 1146 3453 Varro·

94 3515 206 3571 nemque
214 3493 297 3572 suge
321 3514 455 3572 magnum
480 3495 510 3554 iu
535 3494 651 3555 Gembl.
673 3496 752 3580 Lips.
776 3496 845 3556 Cus.
867 3496 1020 3555 Vossianis
1034 3503 1144 3568 pagum

94 3612 239 3670 magnum.
280 3591 327 3654 Ne
341 3594 441 3664 multa,
454 3594 547 3670 potuit
561 3613 662 3654 uersus
677 3595 718 3654 sic
732 3596 828 3666 scribi,
840 3595 890 3653 snb
904 3594 963 3652 e'llz's
976 3590 1144 3649 Mercurius

102 3691 228 3752 Venerem
255 3694 351 3769 tangit
371 3693 537 3768 Lunamque
561 3693 754 3766 lucelenburc
779 3693 986 3770 significatione
1009 3689 1060 3748 sub
1085 3691 1144 3748 illes

93 3790 233 3869 (Saturno
247 3790 320 3851 loue
334 3789 430 3852 Marte
446 3790 526 3870 Sole)
541 3794 645 3850 locatus
653 3791 820 3850 Mercurius
833 3791 926 3867 longit
938 3789 999 3848 siue
1011 3787 1143 3856 confines
