2760 4448
266 269 328 332 116
576 281 723 334 nocuas
743 283 993 333 MANJLJANAE

264 455 372 500 cornus
388 458 466 500 nunc
479 441 551 500 lucis
562 441 713 517 dispendia
727 442 908 520 recolligens,
919 460 997 501 nunc
1012 441 1056 500 his
1071 440 1141 518 ipsis
1157 439 1316 516 dispendiis

265 550 351 598 utens
365 538 403 596 ad
416 539 605 615 producenda
619 541 657 598 ab
672 541 760 599 altera
774 551 855 618 parte
870 551 1012 617 tempora.

306 636 418 697 Vltimo
439 656 524 697 uersu
549 641 606 710 641
622 641 711 717 fugit
728 658 765 698 ex
778 641 885 716 suget,
907 639 964 699 hoc
989 657 1026 698 ex
1051 639 1127 715 riget
1147 646 1318 714 corruptum

264 737 384 795 uidetur.
426 737 539 796 Totum
553 737 650 796 locum
664 739 705 796 sic
719 739 905 797 scribendum
921 756 1037 810 cense0,

390 834 504 892 Partem
525 854 561 892 ex
582 835 706 894 aduerso
727 838 848 895 brumae
870 836 1066 912 Capricornus
1087 835 1213 892 inertem

391 932 448 990 Per
468 933 603 991 minimas
625 935 704 1010 cogit
724 934 804 992 luces
825 943 855 993 et
875 934 1004 991 maxima
1024 934 1117 992 noctis

391 1031 551 1108 Tempora,
574 1032 765 1108 producitque
787 1033 864 1090 diem
885 1033 1079 1108 tenebrasque
1100 1029 1229 1090 resoluit.

391 1130 485 1206 Inque
506 1130 602 1189 uicem
623 1148 701 1189 nunc
722 1131 830 1189 damna
852 1131 928 1208 legit,
940 1148 1020 1190 nunc
1041 1140 1175 1206 tempora
1196 1126 1324 1204 supplet.

391 1229 479 1288 Tunc
502 1229 576 1304 riget
597 1231 694 1287 omnis
715 1248 791 1306 ager,
809 1228 941 1288 clausum
962 1247 1050 1300 mare,
1065 1227 1192 1301 ⁴condita
1218 1235 1325 1285 castra.

272 1327 433 1404 ‘Opposite
459 1323 503 1404 (to
528 1323 655 1406 Cancer)
679 1326 842 1402 Capricorn
864 1335 1010 1386 contracts
1033 1321 1158 1384 winter's
1186 1323 1325 1400 sluggish

270 1437 385 1504 quarter
399 1427 439 1502 by
452 1444 519 1501 very
535 1423 616 1482 short
630 1424 700 1502 days
714 1424 772 1483 and
787 1443 854 1500 very
867 1424 940 1500 long
954 1422 1061 1500 nights,
1073 1423 1131 1481 and
1147 1423 1219 1481 then
1234 1422 1325 1497 again

269 1524 410 1602 prolongs
424 1522 471 1581 the
486 1523 544 1598 day
558 1523 616 1580 and
630 1522 735 1581 breaks
748 1541 789 1598 up
804 1522 851 1580 the
867 1521 1016 1592 darkness,
1026 1520 1194 1596 alternately
1205 1520 1326 1597 gather·

269 1624 321 1699 ing
335 1623 365 1680 in
382 1620 430 1680 the
449 1621 507 1679 lost
523 1631 659 1678 amounts
677 1621 710 1680 of
725 1620 805 1698 light,
825 1619 883 1679 and
902 1619 1023 1696 making
1039 1638 1079 1697 up
1101 1621 1138 1695 by
1157 1618 1235 1677 their
1255 1618 1326 1694 help

269 1721 317 1780 the
332 1719 525 1780 subtractione
539 1717 574 1777 os
583 1716 669 1778 time!

721 2109 797 2170 LIB.
818 2107 871 2170 IV.

314 2298 366 2359 IV.
383 2313 483 2374 37-40
498 2297 537 2358 sic
552 2298 661 2357 suntin
676 2296 791 2357 Gembl.

395 2397 475 2469 Quid
497 2397 618 2455 referam
640 2415 747 2456 cannas
769 2396 946 2473 admotaque
967 2397 1121 2457 maenibus
1142 2401 1245 2458 annai

395 2495 616 2572 Varronemque
637 2501 717 2570 pugir
738 2512 878 2569 magnum
900 2512 989 2570 quam
1009 2496 1126 2555 uincere
1147 2497 1241 2572 possit

395 2591 523 2670 Postque
545 2603 610 2652 tuos
632 2594 772 2651 tasimene
793 2592 874 2650 lacus
896 2593 1062 2670 labiumque
1084 2604 1250 2654 morantem

396 2692 553 2768 Accepisse
574 2691 675 2769 iugum
696 2691 790 2749 uictae
812 2691 966 2766 cartaginis
987 2711 1077 2752 arces.

318 2793 355 2863 38
384 2789 453 2865 suga
477 2808 617 2865 magnum
647 2786 799 2847 Bentlezics.
844 2778 1044 2866 magnumque
1069 2810 1085 2848 o
1110 2808 1200 2866 quam
1227 2791 1329 2850 uiuere

275 2889 368 2965 poscit
383 2887 451 2946 Cur.
465 2889 545 2965 quod
559 2890 658 2948 uiuere
671 2898 771 2966 posset
785 2887 835 2946 bo.

317 2985 440 3044 Mirifica
462 2986 533 3044 mihi
554 2987 667 3045 uidetur
688 2986 854 3045 emendatio
877 2985 994 3044 Ricardi
1012 2985 1047 3044 C.
1066 2984 1143 3064 Jebb
1164 2987 1263 3046 locum
1285 2988 1328 3047 sic

275 3084 443 3161 refingentis
458 3084 533 3162 (Life
548 3085 582 3144 of
592 3084 721 3161 Bentley,
736 3103 764 3161 p.
782 3083 861 3164 145).

399 3182 478 3254 Quid
499 3182 621 3242 releram
642 3183 761 3243 Cannas
782 3183 958 3260 admotaque
980 3183 1135 3242 moenibus
1157 3201 1248 3256 arma,

399 3280 619 3358 Varronemque
641 3281 710 3360 luga
731 3299 885 3357 magnum,
906 3280 1090 3358 Fabiumque
1111 3284 1299 3342 morantem?

400 3377 528 3456 Postque
549 3390 622 3451 tuos,
644 3381 854 3458 Thrasymene,
872 3380 951 3438 lacus
973 3398 1063 3456 quom
1081 3380 1200 3440 uincere
1219 3390 1329 3458 posset,

400 3477 556 3554 Accepisse
578 3479 679 3554 iugum
700 3479 792 3537 uictae
814 3477 999 3554 Carthaginis
1020 3496 1108 3536 arces.

319 3576 372 3636 IV.
388 3590 486 3650 50-54
502 3577 542 3634 sic
556 3586 657 3635 extant
671 3578 701 3634 in
715 3576 831 3636 Gembl.

402 3674 477 3746 Quis
498 3684 525 3732 te
548 3673 660 3732 Niliaco
681 3675 839 3751 periturum
860 3673 962 3745 littore,
986 3672 1106 3751 Magne,

403 3768 473 3826 Post
493 3769 585 3847 uictas
607 3766 771 3843 Mitrydatis
793 3787 863 3845 opes
884 3767 1062 3845 pelagusque
1083 3777 1234 3846 receptum

403 3866 441 3925 Et
462 3867 512 3925 tris
533 3885 653 3925 emenso
674 3869 791 3926 meritos
811 3886 847 3925 ex
869 3868 941 3925 orbe
962 3867 1125 3942 triumphos
