<?xml version="1.0" encoding="UTF-8"?>
<!DOCTYPE html PUBLIC "-//W3C//DTD XHTML 1.0 Transitional//EN"
    "http://www.w3.org/TR/xhtml1/DTD/xhtml1-transitional.dtd">
<html xmlns="http://www.w3.org/1999/xhtml" xml:lang="en" lang="en">
 <head>
  <title>
</title>
<meta http-equiv="Content-Type" content="text/html;charset=utf-8" />
  <meta name='ocr-system' content='tesseract 3.04.00' />
  <meta name='ocr-capabilities' content='ocr_page ocr_carea ocr_par ocr_line ocrx_word'/>
</head>
<body>
  <div class='ocr_page' id='page_1' title='image "./noctesmaniliana00elligoog/noctesmaniliana00elligoog_0020.png"; bbox 0 0 2760 4448; ppageno 0'>
   <div class='ocr_carea' id='block_1_1' title="bbox 187 1111 1118 1188">
    <p class='ocr_par' dir='ltr' id='par_1_1' title="bbox 187 1111 1118 1188">
     <span class='ocr_line' id='line_1_1' title="bbox 187 1111 1118 1188; baseline 0.003 -4"><span class='ocrx_word' id='word_1_1' title='bbox 187 1111 679 1186; x_wconf 80' lang='lat' dir='ltr'>DISSERTATIONES</span> <span class='ocrx_word' id='word_1_2' title='bbox 719 1112 777 1184; x_wconf 93' lang='lat' dir='ltr'>IN</span> <span class='ocrx_word' id='word_1_3' title='bbox 820 1112 1118 1188; x_wconf 81' lang='lat' dir='ltr'>MANILIVM.</span> 
     </span>
    </p>
   </div>
   <div class='ocr_carea' id='block_1_2' title="bbox 161 1387 1228 3870">
    <p class='ocr_par' dir='ltr' id='par_1_2' title="bbox 164 1387 1176 1540">
     <span class='ocr_line' id='line_1_2' title="bbox 164 1387 1176 1460; baseline 0 -18"><span class='ocrx_word' id='word_1_4' title='bbox 164 1389 311 1442; x_wconf 85' lang='lat' dir='ltr'>Carrionis</span> <span class='ocrx_word' id='word_1_5' title='bbox 327 1389 514 1458; x_wconf 88' lang='lat' dir='ltr'>Antiquarum</span> <span class='ocrx_word' id='word_1_6' title='bbox 533 1389 697 1444; x_wconf 89' lang='lat' dir='ltr'>Lectionum</span> <span class='ocrx_word' id='word_1_7' title='bbox 717 1388 917 1443; x_wconf 78' lang='lat' dir='ltr'>commentarii</span> <span class='ocrx_word' id='word_1_8' title='bbox 937 1387 974 1442; x_wconf 88' lang='lat' dir='ltr'>iii.</span> <span class='ocrx_word' id='word_1_9' title='bbox 1005 1389 1176 1460; x_wconf 84' lang='lat' dir='ltr'>Antverpiae</span> 
     </span>
     <span class='ocr_line' id='line_1_3' title="bbox 235 1474 311 1540; baseline -0.013 -13"><span class='ocrx_word' id='word_1_10' title='bbox 235 1474 311 1540; x_wconf 86' lang='lat'>1576.</span> 
     </span>
    </p>

    <p class='ocr_par' dir='ltr' id='par_1_3' title="bbox 163 1554 1048 1624">
     <span class='ocr_line' id='line_1_4' title="bbox 163 1554 1048 1624; baseline 0.002 -16"><span class='ocrx_word' id='word_1_11' title='bbox 163 1557 296 1609; x_wconf 83' lang='lat' dir='ltr'>Geuartii</span> <span class='ocrx_word' id='word_1_12' title='bbox 307 1557 468 1624; x_wconf 81' lang='lat' dir='ltr'>Electorum</span> <span class='ocrx_word' id='word_1_13' title='bbox 483 1555 559 1609; x_wconf 86' lang='lat' dir='ltr'>Libri</span> <span class='ocrx_word' id='word_1_14' title='bbox 573 1555 609 1609; x_wconf 91' lang='lat' dir='ltr'>iii.</span> <span class='ocrx_word' id='word_1_15' title='bbox 648 1554 774 1610; x_wconf 88' lang='lat' dir='ltr'>Lutetiae</span> <span class='ocrx_word' id='word_1_16' title='bbox 787 1554 958 1609; x_wconf 86' lang='lat' dir='ltr'>Parisiorum</span> <span class='ocrx_word' id='word_1_17' title='bbox 973 1555 1048 1624; x_wconf 90' lang='lat'>1619.</span> 
     </span>
    </p>

    <p class='ocr_par' dir='ltr' id='par_1_4' title="bbox 162 1637 996 1706">
     <span class='ocr_line' id='line_1_5' title="bbox 162 1637 996 1706; baseline -0.001 -15"><span class='ocrx_word' id='word_1_18' title='bbox 162 1639 325 1692; x_wconf 83' lang='lat' dir='ltr'><em>Salmasius</em></span> <span class='ocrx_word' id='word_1_19' title='bbox 337 1639 372 1693; x_wconf 89' lang='lat' dir='ltr'>de</span> <span class='ocrx_word' id='word_1_20' title='bbox 385 1638 477 1692; x_wconf 89' lang='lat' dir='ltr'>Annis</span> <span class='ocrx_word' id='word_1_21' title='bbox 491 1637 702 1693; x_wconf 89' lang='lat' dir='ltr'>Climactericis.</span> <span class='ocrx_word' id='word_1_22' title='bbox 741 1638 827 1706; x_wconf 88' lang='lat' dir='ltr'>Lugd.</span> <span class='ocrx_word' id='word_1_23' title='bbox 841 1639 903 1691; x_wconf 90' lang='lat' dir='ltr'>Bat.</span> <span class='ocrx_word' id='word_1_24' title='bbox 920 1639 996 1704; x_wconf 86' lang='lat'>1648.</span> 
     </span>
    </p>

    <p class='ocr_par' dir='ltr' id='par_1_5' title="bbox 161 1720 1168 1792">
     <span class='ocr_line' id='line_1_6' title="bbox 161 1720 1168 1792; baseline 0.002 -17"><span class='ocrx_word' id='word_1_25' title='bbox 161 1721 308 1775; x_wconf 70' lang='lat' dir='ltr'>Bullzaldz·</span> <span class='ocrx_word' id='word_1_26' title='bbox 319 1721 551 1787; x_wconf 88' lang='lat' dir='ltr'>Obseruationes,</span> <span class='ocrx_word' id='word_1_27' title='bbox 563 1721 677 1776; x_wconf 88' lang='lat' dir='ltr'>additae</span> <span class='ocrx_word' id='word_1_28' title='bbox 691 1730 756 1774; x_wconf 92' lang='lat' dir='ltr'>sunt</span> <span class='ocrx_word' id='word_1_29' title='bbox 768 1721 812 1774; x_wconf 88' lang='lat' dir='ltr'>ed.</span> <span class='ocrx_word' id='word_1_30' title='bbox 826 1720 854 1774; x_wconf 90' lang='lat' dir='ltr'>iii</span> <span class='ocrx_word' id='word_1_31' title='bbox 869 1721 1075 1791; x_wconf 88' lang='lat' dir='ltr'>Scaligeranae‚</span> <span class='ocrx_word' id='word_1_32' title='bbox 1091 1722 1139 1791; x_wconf 84' lang='lat'>165</span> <span class='ocrx_word' id='word_1_33' title='bbox 1144 1734 1168 1792; x_wconf 80' lang='grc' dir='ltr'>ς.</span> 
     </span>
    </p>

    <p class='ocr_par' dir='ltr' id='par_1_6' title="bbox 162 1804 1228 2124">
     <span class='ocr_line' id='line_1_7' title="bbox 162 1804 1178 1874; baseline 0.001 -16"><span class='ocrx_word' id='word_1_34' title='bbox 162 1806 288 1858; x_wconf 85' lang='lat' dir='ltr'>Reinesii</span> <span class='ocrx_word' id='word_1_35' title='bbox 304 1804 573 1859; x_wconf 88' lang='lat' dir='ltr'>Animaduersiones</span> <span class='ocrx_word' id='word_1_36' title='bbox 593 1805 692 1859; x_wconf 90' lang='lat' dir='ltr'>breues</span> <span class='ocrx_word' id='word_1_37' title='bbox 716 1804 754 1857; x_wconf 91' lang='lat' dir='ltr'>ad</span> <span class='ocrx_word' id='word_1_38' title='bbox 775 1804 822 1858; x_wconf 92' lang='lat' dir='ltr'>lib.</span> <span class='ocrx_word' id='word_1_39' title='bbox 841 1805 868 1857; x_wconf 94' lang='lat' dir='ltr'>V</span> <span class='ocrx_word' id='word_1_40' title='bbox 888 1804 1005 1870; x_wconf 84' lang='lat' dir='ltr'>Manilii,</span> <span class='ocrx_word' id='word_1_41' title='bbox 1025 1805 1178 1874; x_wconf 86' lang='lat' dir='ltr'>impressae</span> 
     </span>
     <span class='ocr_line' id='line_1_8' title="bbox 232 1885 1178 1957; baseline 0 -15"><span class='ocrx_word' id='word_1_42' title='bbox 232 1898 297 1957; x_wconf 92' lang='lat' dir='ltr'>post</span> <span class='ocrx_word' id='word_1_43' title='bbox 315 1888 445 1942; x_wconf 89' lang='lat' dir='ltr'>Bullialdi</span> <span class='ocrx_word' id='word_1_44' title='bbox 466 1887 686 1942; x_wconf 88' lang='lat' dir='ltr'>Obseruationes</span> <span class='ocrx_word' id='word_1_45' title='bbox 706 1886 734 1940; x_wconf 93' lang='lat' dir='ltr'>in</span> <span class='ocrx_word' id='word_1_46' title='bbox 753 1887 797 1941; x_wconf 92' lang='lat' dir='ltr'>ed.</span> <span class='ocrx_word' id='word_1_47' title='bbox 814 1885 844 1940; x_wconf 93' lang='lat' dir='ltr'>iii</span> <span class='ocrx_word' id='word_1_48' title='bbox 870 1887 1014 1956; x_wconf 86' lang='lat' dir='ltr'>Scaligeri.</span> <span class='ocrx_word' id='word_1_49' title='bbox 1052 1887 1178 1957; x_wconf 89' lang='lat' dir='ltr'>Scriptas</span> 
     </span>
     <span class='ocr_line' id='line_1_9' title="bbox 233 1969 1228 2040; baseline 0.002 -17"><span class='ocrx_word' id='word_1_50' title='bbox 233 1982 327 2025; x_wconf 92' lang='lat' dir='ltr'>tamen</span> <span class='ocrx_word' id='word_1_51' title='bbox 342 1988 404 2025; x_wconf 89' lang='lat' dir='ltr'>esse</span> <span class='ocrx_word' id='word_1_52' title='bbox 416 1972 504 2025; x_wconf 89' lang='lat' dir='ltr'>multo</span> <span class='ocrx_word' id='word_1_53' title='bbox 517 1981 581 2025; x_wconf 89' lang='lat' dir='ltr'>ante</span> <span class='ocrx_word' id='word_1_54' title='bbox 592 1972 657 2040; x_wconf 85' lang='lat'>1655</span> <span class='ocrx_word' id='word_1_55' title='bbox 672 1979 790 2025; x_wconf 87' lang='lat' dir='ltr'>testatur</span> <span class='ocrx_word' id='word_1_56' title='bbox 799 1971 949 2024; x_wconf 89' lang='lat' dir='ltr'>Boeclerus</span> <span class='ocrx_word' id='word_1_57' title='bbox 963 1969 991 2023; x_wconf 90' lang='lat' dir='ltr'>in</span> <span class='ocrx_word' id='word_1_58' title='bbox 1003 1970 1179 2025; x_wconf 86' lang='lat' dir='ltr'>Praefatione</span> <span class='ocrx_word' id='word_1_59' title='bbox 1226 1976 1228 1979; x_wconf 83' lang='grc'><strong>’</strong></span> 
     </span>
     <span class='ocr_line' id='line_1_10' title="bbox 233 2054 835 2124; baseline 0 -16"><span class='ocrx_word' id='word_1_60' title='bbox 233 2071 318 2124; x_wconf 91' lang='lat' dir='ltr'>quam</span> <span class='ocrx_word' id='word_1_61' title='bbox 331 2055 356 2108; x_wconf 92' lang='lat' dir='ltr'>ei</span> <span class='ocrx_word' id='word_1_62' title='bbox 370 2055 487 2109; x_wconf 90' lang='lat' dir='ltr'>editioni</span> <span class='ocrx_word' id='word_1_63' title='bbox 500 2054 618 2109; x_wconf 88' lang='lat' dir='ltr'>addidit.</span> <span class='ocrx_word' id='word_1_64' title='bbox 832 2115 835 2122; x_wconf 48' lang='grc'><strong>,</strong></span> 
     </span>
    </p>

    <p class='ocr_par' dir='ltr' id='par_1_7' title="bbox 167 2135 1178 2289">
     <span class='ocr_line' id='line_1_11' title="bbox 167 2135 1178 2205; baseline 0.001 -15"><span class='ocrx_word' id='word_1_65' title='bbox 167 2137 195 2190; x_wconf 90' lang='lat' dir='ltr'><em>T</em></span> <span class='ocrx_word' id='word_1_66' title='bbox 191 2139 305 2204; x_wconf 70' lang='lat' dir='ltr'>rislam,</span> <span class='ocrx_word' id='word_1_67' title='bbox 320 2139 406 2204; x_wconf 91' lang='lat' dir='ltr'>loan.‚</span> <span class='ocrx_word' id='word_1_68' title='bbox 421 2137 623 2192; x_wconf 76' lang='lat' dir='ltr'>commentarii</span> <span class='ocrx_word' id='word_1_69' title='bbox 644 2135 778 2191; x_wconf 90' lang='lat' dir='ltr'>Historici</span> <span class='ocrx_word' id='word_1_70' title='bbox 800 2135 1032 2205; x_wconf 80' lang='lat' dir='ltr'>(Commentaires</span> <span class='ocrx_word' id='word_1_71' title='bbox 1048 2139 1178 2191; x_wconf 68' lang='lat' dir='ltr'>Hateri-</span> 
     </span>
     <span class='ocr_line' id='line_1_12' title="bbox 233 2219 531 2289; baseline 0.003 -17"><span class='ocrx_word' id='word_1_72' title='bbox 233 2219 320 2289; x_wconf 81' lang='lat' dir='ltr'>ques).</span> <span class='ocrx_word' id='word_1_73' title='bbox 359 2220 438 2274; x_wconf 89' lang='lat' dir='ltr'>Paris</span> <span class='ocrx_word' id='word_1_74' title='bbox 454 2222 531 2289; x_wconf 86' lang='lat'>1657.</span> 
     </span>
    </p>

    <p class='ocr_par' dir='ltr' id='par_1_8' title="bbox 165 2301 1169 2371">
     <span class='ocr_line' id='line_1_13' title="bbox 165 2301 1169 2371; baseline 0.003 -16"><span class='ocrx_word' id='word_1_75' title='bbox 165 2304 313 2371; x_wconf 81' lang='lat' dir='ltr'>Gronouiz&#39;,</span> <span class='ocrx_word' id='word_1_76' title='bbox 329 2306 368 2357; x_wconf 96' lang='lat' dir='ltr'>lo.</span> <span class='ocrx_word' id='word_1_77' title='bbox 383 2304 468 2369; x_wconf 66' lang='lat' dir='ltr'>Frid„</span> <span class='ocrx_word' id='word_1_78' title='bbox 483 2303 720 2359; x_wconf 80' lang='lat' dir='ltr'>obseruationum</span> <span class='ocrx_word' id='word_1_79' title='bbox 732 2301 795 2357; x_wconf 89' lang='lat' dir='ltr'>libri</span> <span class='ocrx_word' id='word_1_80' title='bbox 809 2311 873 2356; x_wconf 93' lang='lat' dir='ltr'>tres.</span> <span class='ocrx_word' id='word_1_81' title='bbox 913 2304 1000 2371; x_wconf 89' lang='lat' dir='ltr'>Lugd.</span> <span class='ocrx_word' id='word_1_82' title='bbox 1016 2306 1078 2358; x_wconf 91' lang='lat' dir='ltr'>Bat.</span> <span class='ocrx_word' id='word_1_83' title='bbox 1094 2304 1169 2359; x_wconf 86' lang='lat'>1662.</span> 
     </span>
    </p>

    <p class='ocr_par' dir='ltr' id='par_1_9' title="bbox 163 2385 1179 2537">
     <span class='ocr_line' id='line_1_14' title="bbox 163 2385 1179 2456; baseline 0.004 -18"><span class='ocrx_word' id='word_1_84' title='bbox 163 2388 320 2455; x_wconf 81' lang='lat' dir='ltr'>Heringae,</span> <span class='ocrx_word' id='word_1_85' title='bbox 339 2387 466 2453; x_wconf 88' lang='lat' dir='ltr'>Adriani,</span> <span class='ocrx_word' id='word_1_86' title='bbox 486 2387 723 2442; x_wconf 92' lang='lat' dir='ltr'>Obseruationum</span> <span class='ocrx_word' id='word_1_87' title='bbox 743 2385 910 2440; x_wconf 89' lang='lat' dir='ltr'>Criticarum</span> <span class='ocrx_word' id='word_1_88' title='bbox 931 2387 1010 2440; x_wconf 73' lang='lat' dir='ltr'>liber.</span> <span class='ocrx_word' id='word_1_89' title='bbox 1023 2387 1179 2456; x_wconf 90' lang='lat' dir='ltr'>singularis.</span> 
     </span>
     <span class='ocr_line' id='line_1_15' title="bbox 235 2465 502 2537; baseline 0.004 -14"><span class='ocrx_word' id='word_1_90' title='bbox 235 2469 408 2524; x_wconf 88' lang='lat' dir='ltr'>Leouardiae</span> <span class='ocrx_word' id='word_1_91' title='bbox 425 2465 502 2537; x_wconf 81' lang='lat'>1749.</span> 
     </span>
    </p>

    <p class='ocr_par' dir='ltr' id='par_1_10' title="bbox 164 2553 1114 2622">
     <span class='ocr_line' id='line_1_16' title="bbox 164 2553 1114 2622; baseline 0.003 -17"><span class='ocrx_word' id='word_1_92' title='bbox 164 2553 334 2617; x_wconf 84' lang='lat' dir='ltr'>D&#39;Oruillii‚</span> <span class='ocrx_word' id='word_1_93' title='bbox 351 2555 405 2607; x_wconf 90' lang='lat' dir='ltr'>lac.</span> <span class='ocrx_word' id='word_1_94' title='bbox 421 2553 502 2620; x_wconf 83' lang='lat' dir='ltr'>Phil,</span> <span class='ocrx_word' id='word_1_95' title='bbox 516 2553 660 2619; x_wconf 82' lang='lat' dir='ltr'>Chariton,</span> <span class='ocrx_word' id='word_1_96' title='bbox 673 2553 830 2607; x_wconf 90' lang='lat' dir='ltr'>Amstelod.</span> <span class='ocrx_word' id='word_1_97' title='bbox 847 2565 923 2622; x_wconf 85' lang='lat'>1750,</span> <span class='ocrx_word' id='word_1_98' title='bbox 937 2553 981 2606; x_wconf 91' lang='lat' dir='ltr'>ed.</span> <span class='ocrx_word' id='word_1_99' title='bbox 996 2553 1023 2606; x_wconf 93' lang='lat' dir='ltr'>ii.</span> <span class='ocrx_word' id='word_1_100' title='bbox 1039 2555 1114 2622; x_wconf 87' lang='lat'>1783.</span> 
     </span>
    </p>

    <p class='ocr_par' dir='ltr' id='par_1_11' title="bbox 163 2636 1180 2789">
     <span class='ocr_line' id='line_1_17' title="bbox 163 2636 1180 2705; baseline 0.003 -16"><span class='ocrx_word' id='word_1_101' title='bbox 163 2637 350 2703; x_wconf 79' lang='lat' dir='ltr'>Lachmanni,</span> <span class='ocrx_word' id='word_1_102' title='bbox 376 2638 417 2702; x_wconf 89' lang='lat' dir='ltr'>C.,</span> <span class='ocrx_word' id='word_1_103' title='bbox 443 2638 479 2691; x_wconf 92' lang='lat' dir='ltr'>de</span> <span class='ocrx_word' id='word_1_104' title='bbox 502 2646 595 2691; x_wconf 89' lang='lat' dir='ltr'>aetate</span> <span class='ocrx_word' id='word_1_105' title='bbox 622 2636 740 2690; x_wconf 90' lang='lat' dir='ltr'>Manilii.</span> <span class='ocrx_word' id='word_1_106' title='bbox 766 2636 919 2705; x_wconf 88' lang='lat' dir='ltr'>Gottingae</span> <span class='ocrx_word' id='word_1_107' title='bbox 943 2637 1007 2705; x_wconf 88' lang='lat'>1815</span> <span class='ocrx_word' id='word_1_108' title='bbox 1037 2637 1180 2705; x_wconf 86' lang='lat' dir='ltr'>(Kleinere</span> 
     </span>
     <span class='ocr_line' id='line_1_18' title="bbox 236 2719 539 2789; baseline 0.003 -16"><span class='ocrx_word' id='word_1_109' title='bbox 236 2720 375 2773; x_wconf 79' lang='lat' dir='ltr'>Schriften</span> <span class='ocrx_word' id='word_1_110' title='bbox 390 2721 416 2773; x_wconf 90' lang='lat' dir='ltr'>ii.</span> <span class='ocrx_word' id='word_1_111' title='bbox 429 2719 539 2789; x_wconf 85' lang='lat'>42-45).</span> 
     </span>
    </p>

    <p class='ocr_par' dir='ltr' id='par_1_12' title="bbox 163 2799 1137 2872">
     <span class='ocr_line' id='line_1_19' title="bbox 163 2799 1137 2872; baseline 0.001 -15"><span class='ocrx_word' id='word_1_112' title='bbox 163 2803 300 2871; x_wconf 80' lang='lat' dir='ltr'>Hauptii,</span> <span class='ocrx_word' id='word_1_113' title='bbox 316 2805 364 2870; x_wconf 85' lang='grc' dir='ltr'>Μ.,</span> <span class='ocrx_word' id='word_1_114' title='bbox 379 2805 483 2872; x_wconf 88' lang='lat' dir='ltr'>Opusc.</span> <span class='ocrx_word' id='word_1_115' title='bbox 499 2799 524 2856; x_wconf 90' lang='lat' dir='ltr'>ii.</span> <span class='ocrx_word' id='word_1_116' title='bbox 538 2817 670 2871; x_wconf 83' lang='lat'>341-344‚</span> <span class='ocrx_word' id='word_1_117' title='bbox 684 2802 721 2856; x_wconf 89' lang='lat' dir='ltr'>iii.</span> <span class='ocrx_word' id='word_1_118' title='bbox 737 2804 796 2869; x_wconf 83' lang='lat'>106,</span> <span class='ocrx_word' id='word_1_119' title='bbox 810 2816 871 2872; x_wconf 85' lang='lat'>473,</span> <span class='ocrx_word' id='word_1_120' title='bbox 887 2816 947 2872; x_wconf 85' lang='lat'>577,</span> <span class='ocrx_word' id='word_1_121' title='bbox 961 2805 1022 2872; x_wconf 83' lang='lat'>583.</span> <span class='ocrx_word' id='word_1_122' title='bbox 1062 2805 1137 2870; x_wconf 91' lang='lat'>1878.</span> 
     </span>
    </p>

    <p class='ocr_par' dir='ltr' id='par_1_13' title="bbox 165 2882 927 2955">
     <span class='ocr_line' id='line_1_20' title="bbox 165 2882 927 2955; baseline 0.003 -16"><span class='ocrx_word' id='word_1_123' title='bbox 165 2888 298 2954; x_wconf 73' lang='lat' dir='ltr'>Brer&#39;leri,</span> <span class='ocrx_word' id='word_1_124' title='bbox 312 2887 347 2940; x_wconf 91' lang='lat' dir='ltr'>de</span> <span class='ocrx_word' id='word_1_125' title='bbox 360 2886 558 2940; x_wconf 86' lang='lat' dir='ltr'>emendatione</span> <span class='ocrx_word' id='word_1_126' title='bbox 573 2882 691 2940; x_wconf 89' lang='lat' dir='ltr'>Manilii.</span> <span class='ocrx_word' id='word_1_127' title='bbox 730 2888 835 2939; x_wconf 88' lang='lat' dir='ltr'>Hamm</span> <span class='ocrx_word' id='word_1_128' title='bbox 853 2888 927 2955; x_wconf 82' lang='lat'>1854.</span> 
     </span>
    </p>

    <p class='ocr_par' dir='ltr' id='par_1_14' title="bbox 200 2968 1109 3038">
     <span class='ocr_line' id='line_1_21' title="bbox 200 2968 1109 3038; baseline 0.003 -17"><span class='ocrx_word' id='word_1_129' title='bbox 200 2999 235 3006; x_wconf 89' lang='lat'><em>-</em></span> <span class='ocrx_word' id='word_1_130' title='bbox 301 2986 332 3021; x_wconf 91' lang='lat' dir='ltr'>zu</span> <span class='ocrx_word' id='word_1_131' title='bbox 347 2969 479 3023; x_wconf 89' lang='lat' dir='ltr'>Manilius</span> <span class='ocrx_word' id='word_1_132' title='bbox 493 2970 520 3022; x_wconf 94' lang='lat' dir='ltr'>in</span> <span class='ocrx_word' id='word_1_133' title='bbox 535 2968 709 3022; x_wconf 89' lang='lat' dir='ltr'>Fleckeiseni</span> <span class='ocrx_word' id='word_1_134' title='bbox 722 2971 823 3022; x_wconf 88' lang='lat' dir='ltr'>Annal.</span> <span class='ocrx_word' id='word_1_135' title='bbox 839 2969 937 3022; x_wconf 92' lang='lat' dir='ltr'>Philol.</span> <span class='ocrx_word' id='word_1_136' title='bbox 951 2970 1016 3023; x_wconf 92' lang='lat' dir='ltr'>anni</span> <span class='ocrx_word' id='word_1_137' title='bbox 1033 2971 1109 3038; x_wconf 90' lang='lat'>1889.</span> 
     </span>
    </p>

    <p class='ocr_par' dir='ltr' id='par_1_15' title="bbox 165 3051 1179 3206">
     <span class='ocr_line' id='line_1_22' title="bbox 165 3051 1179 3118; baseline 0.003 -14"><span class='ocrx_word' id='word_1_138' title='bbox 165 3051 301 3117; x_wconf 77' lang='lat' dir='ltr'>Becherti,</span> <span class='ocrx_word' id='word_1_139' title='bbox 326 3053 452 3118; x_wconf 89' lang='lat' dir='ltr'>Maluini,</span> <span class='ocrx_word' id='word_1_140' title='bbox 475 3053 509 3106; x_wconf 92' lang='lat' dir='ltr'>de</span> <span class='ocrx_word' id='word_1_141' title='bbox 533 3054 573 3105; x_wconf 92' lang='lat' dir='ltr'>M.</span> <span class='ocrx_word' id='word_1_142' title='bbox 596 3052 704 3105; x_wconf 91' lang='lat' dir='ltr'>Manilii</span> <span class='ocrx_word' id='word_1_143' title='bbox 725 3052 894 3106; x_wconf 90' lang='lat' dir='ltr'>emendandi</span> <span class='ocrx_word' id='word_1_144' title='bbox 917 3053 1031 3118; x_wconf 88' lang='lat' dir='ltr'>ratione,</span> <span class='ocrx_word' id='word_1_145' title='bbox 1055 3053 1083 3106; x_wconf 90' lang='lat' dir='ltr'>in</span> <span class='ocrx_word' id='word_1_146' title='bbox 1106 3055 1140 3106; x_wconf 91' lang='lat' dir='ltr'>T.</span> <span class='ocrx_word' id='word_1_147' title='bbox 1162 3054 1179 3108; x_wconf 89' lang='lat' dir='ltr'>i.</span> 
     </span>
     <span class='ocr_line' id='line_1_23' title="bbox 237 3135 1171 3206; baseline 0.001 -17"><span class='ocrx_word' id='word_1_148' title='bbox 237 3135 463 3190; x_wconf 89' lang='lat' dir='ltr'>dissertationum</span> <span class='ocrx_word' id='word_1_149' title='bbox 478 3135 667 3204; x_wconf 90' lang='lat' dir='ltr'>Lipsiensium</span> <span class='ocrx_word' id='word_1_150' title='bbox 682 3135 844 3206; x_wconf 60' lang='lat' dir='ltr'>(Lezpzzger</span> <span class='ocrx_word' id='word_1_151' title='bbox 854 3137 975 3190; x_wconf 80' lang='lat' dir='ltr'>Studien</span> <span class='ocrx_word' id='word_1_152' title='bbox 990 3137 1006 3188; x_wconf 93' lang='lat' dir='ltr'>i.</span> <span class='ocrx_word' id='word_1_153' title='bbox 1020 3153 1066 3206; x_wconf 90' lang='lat' dir='ltr'>pp.</span> <span class='ocrx_word' id='word_1_154' title='bbox 1081 3137 1171 3204; x_wconf 81' lang='lat'>3-61).</span> 
     </span>
    </p>

    <p class='ocr_par' dir='ltr' id='par_1_16' title="bbox 165 3218 1180 3371">
     <span class='ocr_line' id='line_1_24' title="bbox 165 3218 1180 3288; baseline 0.002 -17"><span class='ocrx_word' id='word_1_155' title='bbox 165 3220 285 3286; x_wconf 56' lang='lat' dir='ltr'>From,</span> <span class='ocrx_word' id='word_1_156' title='bbox 316 3219 352 3272; x_wconf 91' lang='lat' dir='ltr'>de</span> <span class='ocrx_word' id='word_1_157' title='bbox 381 3220 422 3272; x_wconf 93' lang='lat' dir='ltr'>M.</span> <span class='ocrx_word' id='word_1_158' title='bbox 447 3218 557 3273; x_wconf 89' lang='lat' dir='ltr'>Manilii</span> <span class='ocrx_word' id='word_1_159' title='bbox 585 3235 657 3288; x_wconf 90' lang='lat' dir='ltr'>quae</span> <span class='ocrx_word' id='word_1_160' title='bbox 684 3220 810 3272; x_wconf 81' lang='lat' dir='ltr'>feruntur</span> <span class='ocrx_word' id='word_1_161' title='bbox 833 3219 1049 3273; x_wconf 90' lang='lat' dir='ltr'>Astronomicon</span> <span class='ocrx_word' id='word_1_162' title='bbox 1079 3230 1180 3274; x_wconf 90' lang='lat' dir='ltr'>aetate.</span> 
     </span>
     <span class='ocr_line' id='line_1_25' title="bbox 238 3303 480 3371; baseline -0.004 -15"><span class='ocrx_word' id='word_1_163' title='bbox 238 3303 390 3371; x_wconf 85' lang='lat' dir='ltr'>Gottingae</span> <span class='ocrx_word' id='word_1_164' title='bbox 405 3303 480 3356; x_wconf 89' lang='lat'>1880.</span> 
     </span>
    </p>

    <p class='ocr_par' dir='ltr' id='par_1_17' title="bbox 175 3385 890 3456">
     <span class='ocr_line' id='line_1_26' title="bbox 175 3385 890 3456; baseline 0.004 -20"><span class='ocrx_word' id='word_1_165' title='bbox 175 3385 312 3453; x_wconf 77' lang='lat' dir='ltr'>Woltjerz&#39;,</span> <span class='ocrx_word' id='word_1_166' title='bbox 326 3387 362 3440; x_wconf 89' lang='lat' dir='ltr'>de</span> <span class='ocrx_word' id='word_1_167' title='bbox 377 3385 495 3440; x_wconf 87' lang='lat' dir='ltr'>Manilio</span> <span class='ocrx_word' id='word_1_168' title='bbox 508 3395 599 3456; x_wconf 90' lang='lat' dir='ltr'>poeta.</span> <span class='ocrx_word' id='word_1_169' title='bbox 638 3385 799 3453; x_wconf 86' lang='lat' dir='ltr'>Groningae</span> <span class='ocrx_word' id='word_1_170' title='bbox 815 3387 890 3439; x_wconf 94' lang='lat'>1881.</span> 
     </span>
    </p>

    <p class='ocr_par' dir='ltr' id='par_1_18' title="bbox 171 3468 1037 3539">
     <span class='ocr_line' id='line_1_27' title="bbox 171 3468 1037 3539; baseline 0.002 -19"><span class='ocrx_word' id='word_1_171' title='bbox 171 3469 308 3535; x_wconf 81' lang='lat' dir='ltr'>Crameri,</span> <span class='ocrx_word' id='word_1_172' title='bbox 320 3469 421 3536; x_wconf 87' lang='lat' dir='ltr'>Adolfi,</span> <span class='ocrx_word' id='word_1_173' title='bbox 436 3470 471 3524; x_wconf 90' lang='lat' dir='ltr'>de</span> <span class='ocrx_word' id='word_1_174' title='bbox 485 3468 594 3524; x_wconf 90' lang='lat' dir='ltr'>Manilii</span> <span class='ocrx_word' id='word_1_175' title='bbox 608 3469 654 3539; x_wconf 91' lang='lat' dir='ltr'>qui</span> <span class='ocrx_word' id='word_1_176' title='bbox 668 3469 768 3522; x_wconf 92' lang='lat' dir='ltr'>dicitur</span> <span class='ocrx_word' id='word_1_177' title='bbox 781 3468 945 3536; x_wconf 90' lang='lat' dir='ltr'>elocutione,</span> <span class='ocrx_word' id='word_1_178' title='bbox 962 3470 1037 3523; x_wconf 86' lang='lat'>1882.</span> 
     </span>
    </p>

    <p class='ocr_par' dir='ltr' id='par_1_19' title="bbox 168 3551 1181 3870">
     <span class='ocr_line' id='line_1_28' title="bbox 353 3551 1181 3608; baseline -0.001 -2"><span class='ocrx_word' id='word_1_179' title='bbox 353 3554 404 3607; x_wconf 90' lang='lat' dir='ltr'>der</span> <span class='ocrx_word' id='word_1_180' title='bbox 417 3553 538 3607; x_wconf 89' lang='lat' dir='ltr'>Infinitiv</span> <span class='ocrx_word' id='word_1_181' title='bbox 548 3553 593 3606; x_wconf 91' lang='lat' dir='ltr'>bei</span> <span class='ocrx_word' id='word_1_182' title='bbox 608 3552 750 3606; x_wconf 86' lang='lat' dir='ltr'>Manilius.</span> <span class='ocrx_word' id='word_1_183' title='bbox 790 3554 866 3606; x_wconf 90' lang='lat' dir='ltr'>lnter</span> <span class='ocrx_word' id='word_1_184' title='bbox 884 3551 1134 3608; x_wconf 89' lang='lat' dir='ltr'>commentationes</span> <span class='ocrx_word' id='word_1_185' title='bbox 1154 3553 1181 3606; x_wconf 89' lang='lat' dir='ltr'>in</span> 
     </span>
     <span class='ocr_line' id='line_1_29' title="bbox 390 3637 1017 3704; baseline -0.003 -14"><span class='ocrx_word' id='word_1_186' title='bbox 390 3639 524 3690; x_wconf 88' lang='lat' dir='ltr'>honorem</span> <span class='ocrx_word' id='word_1_187' title='bbox 538 3637 734 3701; x_wconf 80' lang='lat' dir='ltr'>Stu&#39;demundi,</span> <span class='ocrx_word' id='word_1_188' title='bbox 747 3638 926 3704; x_wconf 89' lang='lat' dir='ltr'>Argentorati</span> <span class='ocrx_word' id='word_1_189' title='bbox 943 3637 1017 3702; x_wconf 88' lang='lat'>1889.</span> 
     </span>
     <span class='ocr_line' id='line_1_30' title="bbox 168 3719 1049 3789; baseline 0.001 -18"><span class='ocrx_word' id='word_1_190' title='bbox 168 3719 305 3784; x_wconf 83' lang='lat' dir='ltr'>Lansom&#39;,</span> <span class='ocrx_word' id='word_1_191' title='bbox 319 3719 355 3773; x_wconf 95' lang='lat' dir='ltr'>de</span> <span class='ocrx_word' id='word_1_192' title='bbox 369 3719 486 3772; x_wconf 91' lang='lat' dir='ltr'>Manilio</span> <span class='ocrx_word' id='word_1_193' title='bbox 499 3730 582 3788; x_wconf 88' lang='lat' dir='ltr'>poeta</span> <span class='ocrx_word' id='word_1_194' title='bbox 594 3719 712 3789; x_wconf 87' lang='lat' dir='ltr'>eiusque</span> <span class='ocrx_word' id='word_1_195' title='bbox 722 3719 842 3789; x_wconf 86' lang='lat' dir='ltr'>ingenio.</span> <span class='ocrx_word' id='word_1_196' title='bbox 880 3719 958 3772; x_wconf 90' lang='lat' dir='ltr'>Paris</span> <span class='ocrx_word' id='word_1_197' title='bbox 974 3720 1049 3784; x_wconf 91' lang='lat'>1887.</span> 
     </span>
     <span class='ocr_line' id='line_1_31' title="bbox 175 3802 1121 3870; baseline 0.001 -15"><span class='ocrx_word' id='word_1_198' title='bbox 175 3802 328 3870; x_wconf 79' lang='lat' dir='ltr'>Thomasii,</span> <span class='ocrx_word' id='word_1_199' title='bbox 342 3803 429 3869; x_wconf 87' lang='lat' dir='ltr'>Pauli,</span> <span class='ocrx_word' id='word_1_200' title='bbox 445 3803 663 3858; x_wconf 90' lang='lat' dir='ltr'>Lucubrationes</span> <span class='ocrx_word' id='word_1_201' title='bbox 679 3802 860 3858; x_wconf 89' lang='lat' dir='ltr'>Manilianae.</span> <span class='ocrx_word' id='word_1_202' title='bbox 899 3802 1028 3856; x_wconf 86' lang='lat' dir='ltr'>Gandaui</span> <span class='ocrx_word' id='word_1_203' title='bbox 1046 3803 1121 3856; x_wconf 91' lang='lat'>1888.</span> 
     </span>
    </p>
   </div>
   <div class='ocr_carea' id='block_1_3' title="bbox 0 0 1387 4448">
    <p class='ocr_par' dir='ltr' id='par_1_20' title="bbox 0 0 1387 4448">
     <span class='ocr_line' id='line_1_32' title="bbox 0 0 1387 4448; baseline 0 0"><span class='ocrx_word' id='word_1_204' title='bbox 0 0 1387 4448; x_wconf 95' lang='lat' dir='ltr'> </span> 
     </span>
    </p>
   </div>
  </div>
 </body>
</html>
