2760 4448
607 296 659 346 rrr
1087 294 1150 364 105

145 468 202 533 537
225 464 257 513 ut
269 474 285 512 o
298 464 327 514 et
347 473 398 514 orn.
420 450 505 514 Voss.²
524 461 623 531 pateat
646 452 714 514 Cus.
733 462 851 532 pateant
872 452 956 514 Vosn¹
974 455 1015 513 bo
1036 454 1150 531 placeat

108 551 196 612 Voss.²
210 552 339 630 Region.
354 553 497 611 Bentleeies
515 554 701 612 nascentibus
718 554 809 612 abore
830 572 846 611 o
865 555 936 611 unde
949 553 1096 612 nascentis
1112 555 1150 612 ab

98 669 154 711 ore
174 653 289 711 restitui
332 654 391 727 538
413 652 594 728 horoscopos
619 650 704 710 Voss.1
724 651 791 711 Cur.
811 651 827 709 b
848 650 1036 728 horoscopon
1062 649 1151 711 Voss.²

99 761 246 810 memorat
263 750 443 827 horoscopus
461 770 477 808 o
497 750 590 809 sidera
604 767 692 827 quem
712 760 877 809 memorant
898 750 1085 826 horoscopon
1105 751 1150 809 in-

99 849 230 907 uenturis
243 847 372 925 Regiam.
394 848 507 908 Versum
521 847 664 906 Bentleeies
678 853 711 905 ut
728 850 857 924 spurcum
871 849 1025 921 damnauit,
1039 851 1089 907 cui
1098 849 1149 906 od·

99 966 198 1004 sensus
210 954 252 1005 est
263 946 390 1005 Iacobus.
433 960 493 1020 540
506 947 566 1023 agit
584 943 668 1004 Voss.¹
683 947 725 1004 bo
739 946 787 1022 agi
804 946 891 1005 Voss.²
908 945 976 1005 Cns.

146 1043 316 1105 Rectissime
326 1044 473 1104 Bentleius
484 1064 521 1103 ex
530 1042 630 1103 Voss'
638 1046 750 1120 placeat
762 1063 790 1102 u.
803 1058 861 1119 537
873 1044 1030 1117 reuocauit,
1046 1045 1149 1104 adlatis

99 1143 154 1220 qui
175 1144 281 1202 similes
302 1154 369 1203 sunt
389 1143 447 1202 loci
468 1143 524 1201 Ill.
542 1146 599 1201 681
626 1142 702 1202 Sunt
719 1144 819 1218 quibus
839 1163 894 1201 esse
908 1145 1008 1219 placet,
1024 1145 1063 1202 Il.
1082 1163 1148 1216 111,

99 1240 157 1300 IV.
171 1255 238 1316 227.
279 1240 344 1301 Nec
358 1241 415 1300 hoc
432 1241 529 1301 solum
547 1241 623 1299 male
642 1251 791 1299 exaratum
809 1251 854 1300 est
874 1241 905 1298 in
920 1241 1036 1301 Gembl.
1052 1243 1103 1302 sed
1121 1239 1150 1302 et

99 1339 196 1411 horae,
210 1357 264 1415 pro
285 1358 345 1417 quo
360 1358 436 1398 unus
459 1339 553 1398 codex
570 1338 643 1399 Coll.
661 1338 802 1416 Corporis
819 1339 926 1398 Christi
946 1359 992 1398 ore
1012 1343 1149 1400 seruauit.

100 1437 140 1496 Id
160 1444 189 1496 et
210 1437 351 1496 Huetium
373 1448 402 1496 et
425 1436 591 1496 Bentleium
616 1445 645 1496 et
669 1436 812 1496 Iacobum
836 1437 950 1511 fefellit3
979 1449 1023 1497 est
1050 1449 1149 1498 tamen

37 1582 43 1592 ,
99 1535 294 1594 uerissimum.
350 1535 390 1594 Os
417 1538 555 1594 noscentis
579 1538 652 1594 coeli
673 1545 717 1594 est
745 1536 841 1595 uultus
872 1536 933 1595 siue
961 1535 1049 1596 facies
1078 1538 1150 1596 caeli

99 1633 303 1711 orientisque
323 1633 354 1691 in
373 1644 455 1710 parte
476 1633 655 1710 horoscopos
677 1633 830 1710 quaeritur.
880 1633 919 1693 Il.
938 1648 992 1709 791
1019 1635 1094 1693 Vnus
1114 1637 1150 1694 ob

98 1738 204 1790 exortu
217 1733 289 1790 coeli
299 1734 437 1790 noscentis
454 1733 485 1789 in
499 1733 588 1790 orbem
606 1731 669 1803 Quo
683 1733 811 1807 primurn
830 1739 922 1790 terras
942 1718 1055 1808 aequali
1064 1736 1151 1792 lc'rrn'te

99 1831 198 1901 cernit,
213 1831 249 1888 cf.
266 1833 323 1904 827
342 1829 402 1901 Qui
419 1837 490 1889 tenet
512 1837 650 1898 exortum,
674 1850 730 1905 quo
751 1833 880 1906 prrinurn
902 1833 997 1889 sedero
1018 1839 1151 1908 surgunt,

109 1928 184 1986 Vnde
205 1930 264 1987 dc'es‘
283 1931 357 1987 redit
371 1934 398 1986 et
413 1935 518 2005 ternpus
537 1929 667 1987 describet
688 1930 719 1986 in
743 1930 836 1999 horos,
861 1929 922 1987 Hic
943 1931 1015 1988 r‘nter
1040 1929 1151 1990 Graius

99 2027 267 2103 horoscopus
293 2029 385 2086 editur
411 2028 499 2085 urbes.
548 2027 597 2099 Os,
623 2046 674 2084 oro
698 2027 867 2103 saepissime
889 2028 987 2086 tribuit
1007 2029 1150 2088 sideribus

101 2124 252 2196 Manilius,
274 2124 314 2184 ll.
337 2145 395 2202 913
417 2132 444 2183 et
462 2127 549 2183 ueluti
557 2127 668 2203 soce'em
682 2126 783 2182 mundi
800 2145 854 2183 suo
878 2127 993 2184 collocat
1014 2147 1074 2199 oro,
1090 2144 1150 2203 950

104 2222 250 2299 Tergaque
266 2231 426 2301 prospectat
447 2224 558 2282 Phoebi
580 2226 633 2299 qui
650 2225 765 2281 uiderat
785 2241 845 2294 oro,
860 2223 898 2281 V.
921 2243 968 2299 39,
990 2227 1058 2297 601,
1080 2227 1150 2286 alias

99 2323 219 2394 uultum,
234 2321 274 2379 II.
290 2325 358 2397 396,
374 2337 453 2398 573:
476 2321 622 2380 interdum
643 2332 673 2381 et
692 2321 774 2381 caelo
788 2321 811 2379 Ι.
828 2337 866 2396 35
883 2321 988 2380 Μαῖαν
1003 2325 1150 2402 utz'socies

100 2420 292 2496 mundifhret,
302 2420 356 2479 Ill.
369 2440 424 2478 111
438 2419 577 2480 Cursibus
587 2421 705 2478 oeternis
716 2421 848 2478 mundum
857 2430 912 2496 per
919 2423 1003 2496 signo
1014 2423 1150 2481 uolantem

99 2517 276 2595 hbcprirnere
288 2526 315 2577 et
331 2521 425 2577 uultus
438 2520 496 2577 eius
512 2531 667 2595 componere
681 2525 776 2589 certos,
792 2517 844 2575 lV.
860 2534 916 2593 105
934 2519 1025 2577 Astra
1046 2527 1153 2578 nonunt

86 2618 211 2695 ferrerius
223 2618 379 2693 coelumque
392 2619 536 2675 interserit
550 2636 610 2674 oru.

142 2735 171 2773 u.
195 2719 253 2789 538
278 2716 358 2774 haud
382 2716 468 2775 dubie
496 2716 611 2791 spurius
635 2733 672 2772 ne
698 2733 734 2772 ex
760 2713 996 2790 Regiomontana
1031 2717 1150 2792 quidem

101 2815 306 2873 emendatione
324 2814 377 2893 (sic
401 2815 480 2872 enim
501 2810 626 2892 uidetur)
646 2812 734 2871 habet
755 2813 975 2872 defensionem:
1001 2815 1050 2874 uix
1069 2817 1149 2875 enim

100 2913 242 2989 pluralem
261 2914 354 2971 sibero
376 2912 413 2971 de
433 2912 600 2988 horoscopo
621 2911 747 2970 dicturus
767 2919 845 2983 erat;
868 2920 900 2968 ut
916 2912 986 2969 nihil
1001 2913 1098 2971 dicam
1113 2914 1149 2973 de

100 3012 211 3070 uariato
232 3021 260 3070 et
280 3010 439 3069 fluctuante
459 3010 603 3068 uocabulo
617 3010 781 3085 horoscopon
795 3010 955 3085 horoscopus
976 3012 1149 3088 horoscopus,

100 3110 182 3186 quod
204 3109 274 3167 mihi
293 3110 413 3186 quidem
434 3109 551 3185 signum
570 3107 701 3166 falsitatis
717 3107 855 3179 habetur;
877 3126 945 3166 cum
960 3109 1072 3168 soleant
1086 3129 1149 3169 non

100 3225 167 3266 raro
187 3208 292 3265 librarii
315 3207 366 3266 ubi
391 3206 499 3282 aliquid
518 3206 757 3265 commenticium
782 3206 911 3282 inrepsit,
931 3208 1029 3266 turbas
1050 3208 1148 3267 huius-

10 3321 14 3329 ·
99 3305 182 3365 modi
203 3305 337 3364 consulto
351 3306 464 3364 inicere.
509 3304 575 3363 Fuit
589 3315 688 3362 tamen
709 3304 868 3364 inueterata
887 3307 1060 3381 corruptela,
1080 3324 1148 3365 cum

99 3424 137 3464 ne
160 3403 380 3464 Gemblacensis
404 3403 524 3480 quidem
546 3421 634 3462 uersu
658 3412 770 3461 careat:
799 3403 873 3462 sicut
898 3404 985 3462 etiam
1010 3406 1040 3462 in
1065 3405 1147 3464 Ibide

100 3503 248 3563 Ouidiana
267 3503 380 3575 accidit,
396 3503 426 3561 in
446 3520 505 3580 qua
526 3501 600 3560 duos
620 3519 721 3560 uersus
742 3501 791 3578 qui
817 3520 873 3576 130
895 3511 1032 3560 secuntur
1052 3502 1151 3561 Fciu'et

99 3604 151 3660 illo
164 3603 221 3659 dees
235 3621 304 3677 quoe
317 3608 340 3660 te
361 3602 434 3659 mihi
443 3600 587 3659 subtrahet
599 3598 648 3679 (al.
663 3595 730 3678 nn)
745 3601 810 3657 olim
824 3600 923 3657 Feniet
941 3602 993 3658 illo
1006 3601 1065 3659 dies
1078 3621 1151 3676 quoe

100 3697 231 3778 mihi(al.
245 3697 308 3780 tibi)
323 3702 407 3758 tardo
429 3700 540 3758 uenite
560 3698 640 3756 nullo
665 3699 770 3757 absunt
791 3698 985 3775 antiquiorum
1002 3699 1146 3771 codicum,

100 3799 130 3856 in
150 3798 303 3858 ueterrimo
325 3798 558 3875 Cantabrigiensi
578 3795 635 3876 (G)
651 3815 747 3868 ueros
761 3796 839 3855 unde
861 3796 978 3856 conflati
1000 3807 1073 3869 sunt,
1096 3817 1147 3857 ex·

99 3896 243 3974 pulerunt.
