2760 4448
1066 265 1107 333 93

55 423 104 481 the
122 423 231 482 instant
251 437 308 480 one
325 428 391 498 part
411 419 446 479 os
462 419 510 480 the
534 420 615 480 earth
635 420 761 490 recedes
777 419 897 479 another
912 419 968 479 will
986 419 1053 481 take
1075 421 1111 478 its

56 521 142 672 Plalcri
145 564 340 691 ‘sequentibus
353 610 485 692 (330-33
490 610 521 692 3)
537 613 665 674 lacobus
678 613 826 672 reuocauit
834 612 897 672 orbe
911 611 991 690 quod
1006 631 1111 671 omnes

57 713 174 772 codices
195 721 350 789 praestant,
364 731 418 788 pro
434 715 588 770 inclinauit
606 712 719 788 scripsit
732 713 887 783 inclinabit,
902 731 957 788 pro
971 713 1112 769 ducuntur

57 813 200 869 ducentur.
235 810 332 870 Potuit
342 809 464 869 fortasse
478 810 536 869 dici
548 811 750 888 inflectereorbe
763 828 838 886 quae
853 811 924 869 orbe
939 828 992 869 suo
1002 810 1111 868 flexum

56 910 134 981 facit,
145 919 177 967 ut
190 910 325 987 deflectere
334 909 513 967 intransitiue
527 909 653 984 ponitur,
664 908 751 966 uelut
765 908 836 966 dixit
844 908 976 967 Valerius
990 908 1112 966 Flaccus

58 1009 86 1067 ii.
102 1027 119 1083 3
135 1009 231 1066 medaii
244 1009 347 1066 ardens
361 1008 498 1084 neflectat
510 1007 544 1064 ab
559 1008 652 1065 undr's.
696 1005 755 1064 Sed
775 1005 886 1065 facilius
900 1016 973 1083 puto
987 1006 1016 1064 id
1031 1006 1113 1082 quod

58 1105 209 1165 Bentleius
223 1105 303 1165 dedit
317 1107 401 1177 arbai,
417 1107 580 1182 neriusque.
622 1106 662 1164 At
677 1106 829 1163 iiiclz'nauit
847 1103 1069 1163 Gemblacensis
1084 1114 1112 1164 et

58 1205 275 1264 Vossianorum
287 1204 324 1262 ad
334 1206 474 1263 ducuntur
485 1205 686 1263 uniuersorum
700 1203 741 1262 sic
755 1214 799 1262 est
813 1204 1067 1262 accommodatum
1081 1213 1113 1260 ut

58 1302 146 1362 simul
161 1311 244 1375 stent,
257 1303 343 1360 simul
358 1302 523 1362 concidant.
564 1301 631 1378 Ego
642 1320 737 1379 neque
752 1301 809 1361 hoc
818 1319 912 1378 neque
927 1301 997 1359 iliud
1012 1311 1112 1360 muto:

59 1419 229 1478 quanquam
250 1410 318 1477 post
339 1402 487 1479 inflexerit
505 1401 608 1461 melius
631 1419 701 1460 sane
726 1401 873 1476 positurus
894 1411 956 1459 erat
977 1400 1113 1459 futurum.

61 1499 136 1558 ‘But
150 1501 181 1557 in
195 1498 365 1575 proportion
377 1510 408 1558 to
423 1499 471 1558 the
487 1500 564 1558 siant
579 1501 610 1557 in
623 1499 672 1557 the
681 1496 785 1558 earth's
795 1498 898 1576 sphere
912 1500 937 1557 is
945 1499 993 1557 the
1008 1498 1114 1557 incline

61 1597 154 1656 which
169 1596 219 1656 the
232 1597 360 1673 position
375 1597 409 1656 os
427 1597 474 1656 the
489 1598 579 1674 flying
593 1597 646 1674 sky
660 1597 714 1656 has
731 1597 818 1656 made
839 1597 1029 1668 meanwhile;
1054 1595 1114 1654 and

60 1695 145 1756 those
167 1705 241 1754 stars
254 1694 349 1753 which
369 1694 469 1755 before
490 1694 548 1753 had
569 1697 643 1754 been
665 1713 734 1754 seen
754 1695 845 1772 rising
859 1696 889 1753 in
906 1715 924 1755 a
940 1696 1029 1756 direct
1046 1695 1114 1768 line,

60 1813 110 1854 are
125 1812 192 1852 now
206 1793 307 1852 drawn
321 1793 410 1869 aiong
424 1794 485 1852 into
500 1791 548 1852 the
563 1794 604 1852 air
618 1793 782 1870 obliquely.'

101 1892 204 1969 Itaque
219 1900 296 1950 totus
310 1892 393 1951 locus
408 1892 449 1953 sie
463 1891 559 1951 euadit

184 1990 224 2047 At
245 1989 330 2048 simul
351 2009 388 2048 ex
409 1989 457 2047 illa
479 1999 621 2048 terrarum
642 1999 724 2065 parte
746 1989 874 2060 recedas,

186 2087 337 2164 Quidquid
358 2087 396 2146 ab
417 2098 551 2148 extremo
572 2097 660 2147 temet
681 2089 871 2165 praeuerteris
892 2107 957 2160 axe,

186 2185 242 2245 Per
264 2204 399 2247 connexa
421 2186 513 2263 gradu
534 2204 669 2262 gressum
689 2186 804 2262 fastigia
825 2197 960 2246 terrae-

186 2284 285 2357 Quam
306 2286 387 2343 tereti
408 2296 511 2344 natura
532 2286 595 2343 solo
616 2285 772 2344 decircinat
792 2286 894 2344 orbem

185 2383 222 2441 In
243 2383 386 2442 tumidum
407 2394 435 2442 et
456 2383 583 2442 mediam
603 2384 714 2442 mundo
737 2383 886 2460 suspendit
907 2383 945 2442 ab
966 2383 1088 2443 omni—

185 2481 267 2558 Ergo
289 2481 338 2539 ubi
359 2481 561 2540 conscendens
583 2483 685 2540 orbern
706 2483 908 2558 stringensque
931 2481 1087 2540 rotundum

186 2579 367 2656 Digrediere,
389 2580 474 2638 simul
494 2581 585 2656 fugiet
606 2597 674 2657 pars
695 2581 783 2639 altera
805 2590 908 2651 terrac,
962 2615 964 2619 .

186 2678 286 2737 Altera
308 2678 460 2737 reddetur:
484 2679 536 2738 sed
556 2690 698 2756 quantum
720 2680 862 2738 inflexerit
883 2680 971 2750 orbis,

188 2776 320 2835 Tantum
342 2776 490 2835 inclinauit
512 2777 584 2836 caeli
605 2777 735 2853 positura
756 2778 891 2847 uolantis,

187 2873 225 2932 Et
246 2873 337 2933 modo
358 2892 432 2950 quae
454 2874 566 2933 hierant
588 2876 733 2952 surgentia
754 2875 843 2934 limite
864 2885 945 2934 recto

188 2972 297 3031 Sidera.
311 2982 433 3031 curuato
454 2972 599 3032 ducuntur
620 2973 650 3030 in
672 2974 788 3032 aethera
808 2983 908 3033 tractu.

105 3082 161 3141 III.
178 3098 236 3159 335
251 3083 293 3141 sie
304 3083 425 3142 traditus
438 3093 482 3142 est
495 3083 526 3141 in
540 3083 676 3142 omnibus
690 3085 763 3144 meis
774 3085 923 3145 codicibus
937 3095 966 3144 et
977 3084 1116 3145 Gembla-

67 3183 145 3240 censi

188 3278 247 3351 Qui
268 3289 451 3339 transuersus
470 3290 532 3339 erat
553 3281 646 3357 spatio
668 3282 788 3358 quando
809 3282 884 3342 illius
904 3302 962 3343 una
984 3293 1034 3343 est.

106 3377 193 3437 Falso
212 3377 337 3436 Iacobus
358 3378 429 3437 dixit
450 3384 589 3455 spatioque
608 3380 639 3438 in
658 3380 794 3439 omnibus
811 3399 891 3440 esse:
913 3381 1021 3440 habent
1039 3381 1117 3440 eninr

67 3495 170 3536 omnes
189 3478 281 3552 spatii>
300 3478 420 3552 quando.
445 3476 657 3561 'Scribendum
681 3488 741 3538 erat
753 3498 799 3538 -ex
823 3479 959 3557 Scaligeri
980 3480 1117 3538 emenda-

66 3574 145 3634 tione
159 3576 242 3632 stant
256 3576 366 3649 quando
379 3576 458 3633 illius
471 3594 529 3633 una
543 3581 589 3633 esi.

106 3673 163 3732 III.
179 3675 320 3748 341-346
337 3673 376 3732 sic
391 3683 491 3732 extant
505 3673 537 3731 in
551 3671 669 3732 Gembl.

109 3790 164 3847 341
190 3771 248 3830 Pro
270 3772 364 3847 spatio
385 3791 468 3831 mora
488 3790 597 3848 magna
618 3772 702 3831 datur
723 3791 798 3850 quae
819 3774 954 3849 proxima
973 3773 1058 3833 nobis

190 3869 378 3947 Consurgunt
398 3869 505 3948 longos
526 3870 597 3928 caeli
619 3871 751 3929 uisuntur
773 3871 802 3928 in
823 3872 902 3930 orbis
