2760 4448
241 277 282 367 76
553 289 701 341 Nocrns
720 288 969 340 Mammium

281 449 319 507 11.
335 467 402 524 943,
419 466 437 519 4
458 448 499 507 sic
515 450 624 508 suntin
640 449 757 509 Gembl.

362 546 446 605 Haec
467 555 517 606 tua
537 548 644 624 templa
665 546 759 606 ferunt
781 545 863 604 Maia
883 544 1003 606 Cillenie
1024 555 1092 606 nate

362 644 391 704 Ο
412 643 498 703 facies
519 643 632 719 signata
652 655 731 717 nota,
752 643 832 722 quod
852 662 962 703 nomen
982 655 1011 703 et
1031 645 1086 721 ipsi

281 756 341 818 945
363 741 505 800 Auctores
525 742 576 800 tibi
596 742 666 801 dant
683 752 757 801 artes
778 760 837 818 qua
857 742 937 801 ducit
958 741 1128 820 Olympum.

361 839 397 897 In
417 857 475 916 qua
494 838 638 899 fortunam
658 850 792 899 natorum
811 839 940 898 condidit
960 857 1081 900 omnem

362 936 474 996 Natura
493 956 530 996 ex
551 937 600 997 illo
621 938 769 1016 suspendit
789 946 859 996 uota
878 947 1039 1014 parentum.

283 1053 341 1110 944
374 1039 391 1106 ῼ
416 1034 503 1095 facies
519 1035 637 1095 Iacobus
677 1045 752 1095 artes
768 1053 827 1114 qua
848 1034 928 1094 ducit
944 1035 1011 1096 Cur.
1032 1035 1164 1096 Vossziam'
1201 1054 1285 1097 arces

240 1152 300 1210 qua
314 1132 392 1194 ducit
406 1153 429 1193 o.

282 1249 330 1290 uu.
351 1249 419 1307 944,
443 1247 460 1306 5
482 1230 628 1292 Bentleius
648 1231 823 1310 proscripsit.
870 1230 974 1304 ‘Quae
995 1233 1073 1292 enim
1082 1232 1206 1312 sacris?
1225 1250 1287 1309 qua

242 1333 331 1388 nota?
348 1329 428 1407 quod
441 1330 571 1388 numenr’
612 1329 758 1406 Principio
773 1340 940 1406 suspectum
955 1339 998 1389 est
1014 1329 1048 1404 O,
1062 1329 1143 1408 quod
1157 1330 1286 1391 lacobus

241 1427 426 1487 emendatum
440 1427 498 1486 ibat
513 1427 664 1486 scribendo
686 1432 722 1500 ῼ,
737 1446 796 1505 quo
815 1429 899 1504 signo
915 1425 1077 1488 Mercurius
1091 1429 1152 1487 siue
1166 1427 1287 1496 στιλβων

241 1529 394 1587 notabatur
421 1528 459 1586 ab
486 1526 618 1603 antiquis.
667 1526 703 1585 Id
730 1535 762 1585 ut
789 1527 1005 1603 adprobaretur,
1034 1526 1286 1604 quemadmodum

242 1633 358 1683 sonaret
388 1623 576 1683 indicandum
613 1633 682 1683 erat.
734 1623 783 1682 An
814 1624 841 1683 0
868 1625 1013 1700 scriptum,
1041 1629 1059 1695 ῼ
1089 1625 1286 1701 significatum

242 1722 368 1781 Iacobus
395 1722 527 1799 putauit?
567 1722 607 1780 At
630 1721 709 1781 nuda
736 1722 828 1799 figura
855 1722 953 1782 circuli
980 1722 1089 1799 reliqua
1113 1741 1180 1800 pars
1208 1724 1286 1800 signi

241 1821 292 1879 uix
319 1820 350 1877 in
378 1829 505 1879 mentem
532 1819 695 1896 legentibus
722 1839 873 1879 recursura
890 1830 958 1879 erat.
1003 1819 1073 1880 Non
1097 1822 1175 1880 enirn
1203 1819 1286 1880 Mer·

242 1917 353 1977 curium
374 1917 477 1988 solum,
501 1918 553 1976 sed
580 1927 609 1977 et
637 1917 762 1976 Martem
779 1928 807 1977 et
835 1919 988 1992 Venerem,
1017 1919 1160 1978 orbiculus
1190 1920 1286 1996 desig·

242 2016 348 2074 nabat:
374 2033 469 2092 neque
490 2016 617 2076 Iacobus
638 2016 764 2075 ostendit
784 2015 930 2076 Stilbontis
953 2035 1063 2077 nomen
1083 2017 1132 2077 tali
1153 2018 1286 2078 orbiculo

242 2113 416 2173 adhaesisse.
465 2114 566 2192 Itaque
587 2115 611 2174 si
632 2134 647 2174 o
668 2115 806 2174 circulum
828 2115 991 2192 significare
1011 2115 1122 2188 credas,
1136 2114 1174 2175 ad
1194 2134 1287 2175 ouum

242 2211 312 2271 illud
332 2213 429 2289 potius
451 2212 555 2272 reseras
576 2213 656 2291 quod
676 2213 749 2272 inter
767 2213 890 2290 insignia
910 2224 971 2273 erat
992 2214 1038 2273 dei
1059 2212 1177 2273 Theuth
1196 2233 1287 2292 quern

243 2310 325 2370 Plato
347 2310 377 2367 in
399 2309 532 2369 Phaedro
556 2325 613 2385 274
640 2310 707 2370 dicit
732 2312 839 2384 ἀριθμόν
867 2335 895 2368 τε
923 2314 964 2368 καὶ
986 2315 1115 2386 λογισμὸν
1138 2315 1220 2386 εὑρεῖν
1244 2316 1288 2371 καὶ

242 2411 398 2484 γεωμετρίαν
411 2411 451 2465 καὶ
464 2409 643 2483 ἀστρονομίαν,
655 2409 702 2467 alii
714 2410 840 2468 eundem
855 2429 924 2468 cum
938 2410 1049 2470 Herme
1065 2411 1126 2470 siue
1138 2410 1287 2472 Mercurio

243 2506 382 2566 fecerunt.
403 2506 506 2583 Papyr.
512 2506 581 2565 Brit.
589 2504 667 2567 Mus.
678 2506 734 2565 xlvi
743 2511 793 2583 ἐγώ
802 2510 853 2580 εἶμι
863 2511 924 2565 ebo
931 2512 1072 2583 φαρμάκων
1080 2512 1120 2566 καὶ
1129 2513 1288 2583 γραμμάτων

243 2607 345 2678 εὑρετὴς
362 2607 402 2661 καὶ
415 2606 527 2676 κτιστής.
562 2607 612 2680 ἐγώ
627 2608 677 2677 εἶμι
686 2605 777 2680 Ἥρων
790 2603 926 2686 (Ἠβωνῖ)
940 2609 1051 2680 ἔνδοξος,
1069 2611 1120 2664 btv
1133 2608 1220 2683 ἴβεως,
1236 2612 1287 2668 btv

244 2704 349 2776 ἱέρακος,
365 2706 429 2779 ζῷον
442 2705 557 2775 φοίνικος
570 2703 763 2777 ἇεροφοιτῆτον.

283 2818 311 2858 u.
324 2813 382 2876 945
401 2799 442 2859 sic
459 2799 635 2859 refluxerunt
648 2800 688 2859 A.
703 2807 722 2859 t.
736 2803 763 2861 d.
779 2804 852 2860 artz‘s
867 2820 937 2878 quae
949 2803 976 2860 d.
993 2801 1046 2876 0.;
1068 2804 1120 2864 sed
1137 2804 1215 2864 unde
1229 2826 1287 2882 qua

243 2916 298 2975 pro
311 2917 381 2974 quae
391 2901 407 2955 ἑ
448 2896 554 2957 Melius
569 2898 610 2957 sic
624 2899 731 2974 corrigi
751 2901 853 2976 potuit,
869 2903 942 2958 artz's
959 2921 1016 2977 qua
1031 2903 1109 2960 ducis
1128 2903 1285 2981 Olympum,

243 3015 312 3056 cum
338 2996 532 3055 astronomiae
560 3005 688 3072 repertor
712 2996 758 3057 hic
786 2997 858 3057 deus
884 2997 976 3058 fuerit.
1029 2999 1087 3059 Sed
1113 3001 1287 3079 interpolata

243 3095 340 3172 potius
358 3094 452 3152 habeo
466 3094 541 3169 quod
554 3113 649 3154 nomen
667 3101 693 3153 et
709 3097 768 3172 ipsi
777 3096 913 3155 Auctores
926 3097 981 3156 tibi
996 3099 1067 3156 dant
1079 3106 1177 3168 artes,·
1188 3111 1287 3178 ,poeta

243 3194 396 3272 scripserat

366 3289 503 3350 Osacies
523 3291 637 3367 signata
658 3301 735 3364 nota,
757 3309 815 3369 qua
836 3291 917 3353 ducis
939 3294 1106 3372 Olympum,

365 3389 401 3448 In
422 3406 480 3465 qua
500 3388 644 3449 fortunam
665 3400 801 3448 natorum
820 3392 949 3451 condidit
971 3411 1089 3452 omnem

365 3486 484 3558 Natura,
502 3506 538 3546 ex
560 3487 607 3546 illa
629 3488 780 3566 suspendit
799 3499 868 3548 uota
889 3503 1050 3567 parentum.

285 3586 344 3645 Hic
361 3584 387 3643 0
400 3585 559 3644 interiectio
573 3586 643 3645 erit:
666 3596 759 3645 cetera
774 3587 950 3648 doctioribus
969 3590 1108 3667 relinqu0,
1123 3592 1288 3653 cuiusmodi

245 3683 292 3742 illa
304 3692 372 3742 uota
383 3683 474 3754 fuerit,
484 3683 616 3743 incertus.
641 3683 694 3743 Est
705 3695 802 3744 tamen
813 3687 884 3745 tanti
893 3685 1030 3746 Maniani
1041 3687 1178 3766 Capellae
1189 3691 1287 3751 locum

244 3779 355 3840 adferre
370 3782 420 3858 qui
434 3781 490 3840 huc
505 3780 646 3857 quadrare
656 3792 750 3858 potest
761 3783 789 3842 ii.
804 3797 859 3858 174
876 3784 1043 3845 Vcnr'tetiam
1054 3789 1187 3862 quaedam
1196 3791 1288 3849 decens

245 3896 279 3936 ac
285 3879 471 3954 pudt‘crisr’ma
478 3879 647 3957 puellarum,
662 3899 731 3957 quae
738 3884 857 3958 praesul
872 3885 966 3944 domus
983 3893 1121 3962 custosque
1137 3885 1287 3964 Cyllemize,
