2760 4448
221 274 284 345 170
530 273 678 326 NOCTES
696 274 947 326 MANILIANAE

219 451 338 494 causam
357 451 446 512 quare
467 434 528 494 nati
549 435 604 495 sub
623 435 722 511 lepore
742 434 895 510 inuigilare
916 433 1129 512 somnisquasi
1141 432 1268 511 'proprie

219 532 357 593 dieantur.
399 533 550 609 Recteque
571 533 611 592 sie
630 531 769 591 intellexit
786 532 929 606 Huetius;
951 532 1013 592 aliis
1030 532 1146 610 reliquit
1165 549 1268 593 curam

219 641 391 691 structuram
412 631 593 708 expediendi.
645 631 724 689 Nam
745 632 883 706 inuigilat
905 633 1009 690 somm's
1033 648 1093 690 non
1118 638 1214 707 potest
1239 629 1270 688 id

220 728 339 806 quidem
360 730 522 806 significare
544 731 650 805 uz'gz'lat
672 730 702 786 in
722 732 846 797 somnz's,·
878 740 907 789 at
926 739 1022 806 potest
1045 748 1109 788 esse
1131 728 1271 805 ‘uigilem

219 843 358 885 somnum
378 826 510 899 exercet’
525 828 586 886 siue
606 828 702 886 somni
721 845 840 890 munere
862 829 902 887 sic
921 826 1048 903 fungitur
1066 838 1098 887 ut
1115 844 1270 904 nunquam

218 943 286 984 uere
300 925 433 997 dormiat,
448 926 501 986 sed
520 925 626 1004 leporis
645 944 727 986 more
747 926 853 1004 apertis
872 927 965 986 oculis
984 925 1110 986 dormire
1124 927 1269 984 uideatur.

216 1023 343 1099 ¹Angliee
358 1024 411 1083 ‘he
424 1024 514 1101 keeps
529 1023 628 1082 awake
643 1042 713 1083 over
727 1024 771 1082 his
786 1023 883 1100 sleep.'
927 1025 1015 1084 Nunc
1030 1024 1184 1084 considera
1197 1022 1271 1101 quid

220 1119 368 1182 Bentleius
382 1133 483 1182 contra
497 1122 640 1182 Huetium
654 1123 778 1182 attulerit
791 1122 827 1182 de
842 1140 912 1183 suo:
934 1139 1050 1182 uersum
1065 1123 1107 1183 sic
1120 1121 1237 1182 refinxit

341 1237 500 1315 Inuigilant
521 1236 615 1309 curis3
647 1255 768 1297 somnos
789 1237 928 1298 industria
949 1238 1046 1297 uincit

342 1335 410 1396 Otia
431 1354 484 1413 per
504 1336 601 1396 uarios
622 1345 758 1396 exercent
779 1335 875 1396 dulcia
894 1335 983 1395 lusus.

262 1451 335 1526 Quis
349 1451 421 1511 haec
435 1452 526 1512 ferat?
549 1469 617 1511 cum
631 1451 662 1509 in
675 1451 811 1511 omnibus
826 1451 912 1512 codd.
927 1452 963 1511 sit
977 1452 1120 1528 rituz‘gilai,
1135 1457 1271 1521 exercet,·
1343 1500 1347 1509 .

220 1550 251 1609 in
268 1551 407 1610 omnibus
421 1560 534 1628 praeter
547 1548 646 1609 Voss.²
660 1550 772 1621 sommi,
787 1570 880 1622 curas,
895 1551 926 1608 in
940 1550 1020 1609 nullo
1036 1551 1122 1622 curz's,
1137 1569 1247 1608 somnos
1255 1569 1272 1618 ,⁰

220 1649 346 1725 denique
360 1667 428 1707 eum
442 1648 577 1708 homines
598 1647 718 1725 quidem
732 1650 811 1707 curis
826 1648 976 1724 inuigilare
999 1649 1139 1719 dieantur,
1154 1647 1271 1724 lepores
1289 1652 1296 1665 ¹

220 1757 317 1805 autem
329 1747 454 1824 proprie,
468 1756 497 1806 et
511 1746 541 1805 hi
551 1745 613 1819 soli,
625 1747 736 1805 somm'r.
762 1746 849 1806 Vnde
864 1747 953 1806 facilis
968 1747 998 1805 in
1008 1746 1145 1806 homines
1159 1756 1188 1805 et
1201 1763 1272 1805 uere

221 1843 382 1904 Maniliana
397 1845 516 1904 tralatio.

261 1941 298 2001 V.
317 1955 373 2018 174
389 1961 453 2021 sqq.
468 1944 509 2002 sic
524 1950 625 2002 extant
639 1942 670 2000 in
685 1941 802 2002 Gembl.

343 2057 431 2118 Nunc
453 2077 560 2118 cancro
580 2058 677 2118 uicina
698 2076 802 2117 canam
823 2058 868 2117 cui
889 2068 970 2135 parte
992 2057 1107 2133 sinistra

265 2170 322 2232 175
344 2156 533 2234 Consurgunt
553 2157 668 2234 iugulae
690 2157 795 2234 quibus
817 2156 1028 2233 adspirantibus
1048 2156 1102 2216 orti

344 2254 391 2314 Te
412 2254 558 2332 meleagre
580 2255 678 2315 colunt
698 2255 824 2313 flammis
845 2255 1066 2318 †habitantibus
1085 2262 1183 2313 ustum

345 2353 586 2430 Reddentemque
606 2364 673 2412 tuae
695 2372 746 2429 per
766 2362 892 2412 mortem
913 2371 1035 2412 munera
1056 2353 1143 2411 matri

331 2451 435 2510 ‘Cuius
456 2461 486 2510 et
505 2461 573 2510 ante
594 2469 697 2510 necem
718 2451 856 2527 paulatim
877 2451 937 2510 uita
958 2451 1071 2528 sepulta
1091 2461 1135 2511 est

344 2551 441 2628 Atque
462 2548 624 2609 athlanteos
645 2560 782 2609 conatum
803 2549 877 2609 serre
898 2550 1014 2610 labores

267 2653 323 2708 180
344 2648 382 2707 Et
399 2648 553 2708 calidouea
573 2648 730 2707 bellantem
751 2666 823 2725 rupe
844 2648 986 2726 capellam

345 2747 579 2824 Vincentemque
599 2746 677 2805 uiros
699 2756 728 2805 et
749 2764 838 2824 quam
859 2747 988 2825 potuisse
1008 2746 1100 2805 uideri

346 2844 468 2922 Virgine
489 2854 574 2903 natus
595 2853 657 2903 erat
677 2853 852 2903 sternentem
873 2846 991 2904 uulnere
1012 2845 1107 2923 primo

347 2941 472 3020 Quaque
494 2952 554 3001 erat
575 2953 678 3001 acteon
701 2941 780 3002 siluis
802 2943 957 3002 imitandus
978 2952 1007 3002 et
1027 2954 1095 3003 ante

346 3040 445 3112 Quam
466 3042 586 3099 canibus
607 3058 686 3099 noua
705 3041 812 3117 praeda
834 3040 893 3100 tuit.

269 3158 324 3231 176
344 3155 540 3215 habitantibus
556 3154 624 3214 Cur.
644 3153 729 3214 Voss.1
743 3157 785 3214 bo
800 3155 971 3216 habentibus
989 3152 1075 3217 Voss.²
1095 3155 1277 3216 latitantibus

224 3253 382 3314 Rez'neszics.
428 3268 484 3329 179
506 3253 666 3314 athlanteos
689 3274 704 3312 o
725 3251 810 3312 Voss.1
833 3253 871 3311 ad
889 3255 1000 3315 lanteos
1022 3254 1090 3314 Cur.
1113 3254 1278 3314 atalanteos

225 3362 347 3411 conatur
375 3351 461 3410 11011.π
505 3355 562 3410 180
583 3351 792 3429 calydonaeam
820 3349 906 3412 Vors.1
929 3350 1083 3431 calidoni(e
1106 3351 1278 3433 Cus.)amo

227 3449 296 3509 Cus.
311 3450 500 3526 calydoniaca
514 3450 530 3509 b
544 3450 671 3526 puellam
685 3453 769 3508 celeri
778 3451 888 3510 codries.
923 3453 977 3510 181
994 3451 1085 3510 uideri
1101 3450 1169 3510 Cus.
1188 3446 1278 3510 Voss}

225 3548 384 3608 bouidere
409 3548 495 3607 Voss.²
515 3550 609 3608 maius
629 3549 761 3608 Vosszimz'
781 3549 798 3608 b
816 3568 839 3610 0.
885 3553 941 3625 183
964 3549 1143 3628 Quanquam
1163 3568 1179 3608 o
1199 3551 1279 3609 solus

226 3647 384 3709 mutandus
405 3644 492 3706 Vorr.²

267 3743 418 3804 Tractauit
433 3744 510 3805 hunc
526 3744 625 3805 locum
639 3743 826 3806 Gronouius¹
838 3746 991 3808 Obseruat.
1003 3747 1031 3806 ii.
1044 3766 1089 3821 11,
1102 3745 1152 3826 qui
1164 3744 1280 3824 primus

220 3933 224 3938 .
274 3889 284 3924 ¹
301 3891 384 3941 Huius
394 3889 475 3942 libelli
487 3891 564 3942 altera
575 3890 652 3942 editio
663 3891 756 3957 prodiit
767 3892 884 3958 Lugduni
896 3893 1046 3945 Batauorum
1058 3909 1124 3945 anno
1137 3891 1209 3965 166a.
