2760 4448
246 239 289 305 26
556 250 708 302 moeres
729 249 979 300 uenturum

242 429 404 488 latentium.
451 426 493 486 Ol
521 427 601 486 enim
628 427 677 486 uix
707 425 795 486 credo
823 426 853 484 in
881 432 914 484 ut
936 422 990 506 (sic
1013 421 1120 505 Bentl.)
1144 423 1300 502 deprauari

242 529 380 607 potuisse.

285 626 310 684 Ι.
325 628 429 700 882‚3

732 732 865 800 totasque
885 741 937 799 per
956 722 1044 780 urbes

409 821 529 880 Publica
550 821 697 881 succensis
716 833 894 899 peraguntur
915 820 973 880 fata
994 818 1163 897 sepulchris,

245 922 292 981 Sic
303 921 428 980 Iacobus
439 921 528 980 edidit
538 940 574 980 ex
586 921 736 980 codicibus
747 921 814 978 suis.
851 919 909 978 Sed
920 919 1027 978 mirum
1038 928 1180 996 quantum
1192 915 1298 976 arridet

245 1020 361 1078 Gembl.
375 1019 460 1078 lectio
480 1022 606 1077 succensi
617 1019 762 1095 sepulchri
775 1018 867 1077 modo
875 1019 963 1094 fucta
977 1017 1124 1094 scripseris
1140 1034 1202 1074 non
1211 1017 1297 1092 fatu,

245 1118 310 1178 ‘the
325 1118 423 1194 public
437 1137 556 1194 process
570 1115 605 1177 ot
621 1137 640 1177 a
657 1116 769 1176 funeral
783 1115 871 1195 pyre’
889 1117 951 1176 siue
966 1116 1035 1175 ‘the
1050 1115 1217 1176 semblance
1232 1113 1296 1174 oia

242 1217 340 1294 public
352 1214 461 1276 burial!

285 1315 309 1373 1.
323 1334 382 1391 914
400 1333 464 1393 sqq·

366 1413 503 1473 Necdum
524 1413 589 1473 finis
609 1422 691 1473 erat:
714 1413 860 1473 restabant
880 1410 964 1472 Actia
984 1411 1061 1470 bella

366 1512 467 1572 Dotali
488 1513 646 1594 commissa
667 1513 738 1584 acie,
759 1512 939 1589 repetitaque
958 1529 1057 1570 rerum

366 1611 440 1670 Alea
461 1612 541 1670 etin
563 1621 655 1686 ponto
677 1611 827 1688 quaesitus
847 1620 942 1671 rector
962 1609 1091 1688 Olympi,

367 1709 540 1768 Femineum
561 1710 661 1768 sortita
681 1711 783 1786 iugum
803 1728 872 1768 cum
893 1727 1004 1786 pompa
1024 1706 1158 1784 rependit

366 1808 465 1884 Atque
486 1808 549 1884 ipsa
570 1808 667 1866 Isiaco
688 1817 837 1867 certarunt
856 1807 977 1866 fulmina
998 1806 1091 1866 sistro.

244 1907 322 1966 Cum
336 1924 364 1963 u.
380 1920 438 1980 915
450 1906 647 1982 comparanda
666 1917 733 1966 sunt
753 1907 801 1966 illa
821 1925 858 1966 ex
878 1907 982 1983 Elegia
997 1904 1178 1964 Maecenatis
1194 1917 1242 1979 53,
1257 1917 1295 1978 54

243 2025 277 2063 ne
291 2011 385 2080 posset
391 2005 507 2081 femina
528 2004 652 2063 Romam
674 2005 803 2063 Detulem
820 2007 917 2081 stupri
935 2005 1028 2080 turpis
1047 2003 1146 2062 habere
1165 2004 1219 2073 sue]
1242 2002 1296 2061 etsi

243 2104 342 2162 locum
356 2103 486 2160 uitiatum
500 2104 597 2176 crcd0,
607 2122 674 2163 cum
688 2104 782 2164 codex
791 2105 951 2163 Vaticanus
961 2106 1039 2178 3269
1049 2104 1141 2161 herere
1151 2101 1295 2172 exhibeat,

243 2203 323 2260 unde
345 2220 413 2261 eum
437 2202 478 2262 sic
500 2202 603 2260 refinxi
627 2204 657 2262 in
680 2203 781 2262 Diario
806 2203 948 2279 Philolog.
972 2202 1150 2260 Americano
1172 2201 1211 2258 ix.
1236 2203 1295 2274 269

243 2300 372 2358 Detulem
386 2303 493 2376 stupris
507 2302 621 2359 subdere
639 2305 732 2378 turpis
750 2304 825 2360 turi.⁴
861 2301 898 2360 ln
915 2315 972 2377 917
988 2318 1044 2378 pro
1057 2310 1160 2375 pompa
1174 2299 1298 2376 rependit

244 2397 391 2457 Bentleius
412 2399 528 2458 uolebat
548 2399 645 2458 Roma
661 2402 799 2476 pependit,
822 2401 878 2459 hoc
902 2400 1025 2459 alterum
1048 2397 1203 2477 (pependit)
1226 2406 1296 2473 post

244 2496 434 2574 Scaligerum.
485 2497 543 2556 Sed
563 2499 628 2575 quis
647 2517 788 2576 umquam
806 2500 878 2558 uidit
897 2518 934 2557 ex
947 2498 1044 2556 Rome
1062 2498 1125 2555 fieri
1137 2499 1297 2573 pompam?

244 2595 310 2672 Ego
325 2607 401 2655 certe
419 2597 469 2673 qui
487 2598 585 2656 multis
603 2599 687 2656 annis
706 2598 848 2675 plurimos
867 2599 982 2658 codices
1001 2597 1131 2667 tractaui,
1147 2595 1219 2653 nihil
1238 2595 1295 2655 tale

244 2713 292 2754 me
317 2695 425 2754 uidisse
450 2696 601 2754 confirma.
643 2695 749 2774 Neque
776 2706 874 2756 tamen
900 2715 1049 2773 pompam,
1072 2704 1103 2753 ut
1129 2694 1294 2766 Stoeberus,

242 2795 396 2853 uictoriam
424 2795 614 2871 interpret0r;
645 2796 697 2855 sed
722 2805 766 2854 est
789 2814 899 2873 pompa
927 2794 1065 2871 triumphi
1088 2794 1295 2853 Romanorum

244 2891 385 2970 (Apollin.
401 2892 501 2951 Sidon.
519 2894 547 2951 ii.
563 2897 665 2968 375,6
687 2893 772 2954 Grex
791 2897 872 2970 nz'ger
891 2895 1006 2953 albentes
1026 2899 1125 2970 tegeret
1143 2911 1206 2950 cum
1227 2893 1295 2951 mole

244 2992 351 3067 iugales
385 2992 587 3069 Auctoremque
622 2992 654 3071 (i
682 2991 912 3070 Ductoremquc)
946 3012 1028 3051 suum
1062 2994 1176 3076 celaret¹
1188 3002 1295 3069 pompa

243 3087 408 3168 triumphi),
420 3093 469 3168 qui
482 3103 639 3169 postquam
652 3093 683 3151 in
697 3112 734 3153 eo
749 3093 862 3151 fuerant
876 3103 908 3150 ut
923 3092 1097 3168 Cleopatrae
1111 3092 1213 3168 iugum
1227 3100 1296 3150 tan-

243 3206 333 3265 quam
347 3189 473 3248 uictricis
487 3191 661 3262 sortirentur,
676 3192 731 3268 ipsi
750 3192 875 3250 uictores
893 3191 924 3248 in
938 3191 1062 3250 Actiaco
1081 3189 1194 3266 proelio
1215 3189 1295 3262 facti,

243 3285 368 3346 eandem
401 3289 570 3346 seruitutem
601 3290 773 3367 Cleopatrae
803 3289 1005 3366 rependerunt.
1046 3288 1195 3347 Audacior
1222 3307 1295 3348 sane

243 3385 351 3445 dictio:
373 3405 440 3444 cum
452 3397 552 3463 pompa
572 3389 680 3465 duplici
695 3406 782 3447 sensu
801 3390 896 3464 posita
915 3387 1056 3458 uideatur,
1072 3387 1139 3446 dico
1160 3385 1295 3446 Roman·

244 3502 328 3542 orum
343 3481 387 3563 (1)
403 3486 590 3557 deuictorum,
605 3496 633 3546 et
654 3487 737 3563 signa
758 3487 900 3545 seruitutis
913 3485 1073 3559 ferentium,
1090 3481 1135 3564 (2)
1150 3486 1292 3546 uictorum

242 3593 271 3643 et
285 3584 435 3644 seruientis
450 3584 623 3662 Cleopatrae
637 3585 796 3662 imaginem
809 3586 840 3643 in
854 3603 964 3663 pompa
979 3585 1155 3645 ducentium.
