2760 4448
680 295 711 347 V
889 299 893 307 '
1149 299 1211 368 197

161 458 285 517 reddant
295 455 408 531 Debita,
423 456 477 534 qui
487 457 553 516 nati
562 474 657 516 corant
671 475 712 515 me
727 474 835 515 cernere
847 457 929 516 letum
943 453 1052 515 Fecisti
1062 456 1213 534 et'patrios'

147 556 287 634 foedasti
298 555 408 634 sunere
427 557 532 614 uultus.
574 555 669 632 Epist.
687 554 821 632 Sapphus
845 568 899 629 151
920 550 1005 633 (153)
1026 551 1096 613 Solo
1115 557 1214 614 uirum

162 674 218 713 non
236 656 296 713 ulta
310 656 370 733 pie
387 655 572 716 moestissimo
589 660 679 714 muter
694 654 826 716 Concinit
837 651 995 714 Ismarium
1007 651 1136 712 Daulias
1155 653 1215 710 ales

160 751 238 827 Ityn.

204 851 316 929 Itaque,
339 851 364 911 si
385 850 502 911 Gembl·
523 850 675 929 repudiato
698 868 802 911 uersus
823 849 986 911 secundum
1007 849 1158 910 Cusanum
1182 858 1213 908 et

162 946 324 1009 Vossianos
339 950 496 1028 scripseris,
511 950 583 1010 tales
597 949 722 1009 euadent

286 1049 522 1127 Ructantemque
543 1059 656 1126 patrem
678 1058 772 1120 natos,
794 1046 944 1124 solemque
964 1063 1112 1107 reuersum

259 1164 261 1169 ·
286 1145 326 1205 Et
347 1164 468 1206 caecum
490 1147 552 1205 sine
573 1147 651 1206 nube
672 1147 719 1223 pie
740 1146 865 1205 Titana:
894 1145 1006 1205 iuuabit

285 1244 390 1305 Dicere
409 1244 485 1304 bella
505 1244 578 1304 uteri
599 1245 780 1324 mixtumque
801 1246 832 1304 in
851 1243 936 1303 fratre
957 1252 1110 1322 parentem

204 1358 241 1417 V.
278 1361 316 1417 68

257 1377 461 1535 4Aeriamque
482 1456 581 1534 sugam
602 1461 790 1535 †nectosque
810 1475 847 1515 ex
868 1456 984 1533 ignibus
1005 1473 1100 1516 annos

163 1578 302 1650 uictosque
317 1572 432 1632 Gembl.
447 1572 516 1632 Cus
530 1579 669 1650 uictosque
682 1572 779 1632 Voss.¹
793 1579 919 1648 uetusque
933 1571 1032 1630 Voss.²

204 1669 314 1730 Iniuria
345 1670 471 1730 Huetius
505 1672 623 1748 negauit
657 1669 814 1747 significari
845 1670 891 1730 hic
916 1670 1043 1730 Aesonis
1074 1669 1106 1728 in
1137 1687 1213 1730 aeno

164 1770 337 1841 coctionem,
351 1786 426 1845 quae
445 1768 555 1827 aeriam
573 1768 673 1846 fugam
692 1767 816 1828 Medeae
837 1767 886 1826 diu
904 1767 1102 1845 praecesserit.
1143 1767 1214 1828 Non

163 1879 224 1929 tam
237 1878 340 1928 exacte
354 1868 424 1927 dicit
439 1865 586 1927 Manilius.
628 1856 707 1927 Nam
722 1867 810 1926 etiam
825 1886 872 1925 uu.
889 1871 957 1940 466,
973 1870 1031 1942 467

160 1953 164 1959 ⁴
207 1986 209 1991 ’
287 1965 438 2038 Quaerent
458 1965 583 2025 Medeae
604 1974 691 2025 natos
713 1965 888 2042 fratremque
909 1975 1089 2043 patremque,

286 2065 367 2126 Hinc
388 2064 485 2137 uestis,
507 2063 584 2123 illinc
606 2064 739 2123 flammas
760 2083 815 2142 pro
836 2083 955 2123 munere
976 2065 1090 2138 missas,

163 2208 267 2251 uerum
283 2189 417 2249 ordinem
433 2207 531 2248 rerum
551 2188 674 2256 inuertit,
691 2206 759 2248 eum
778 2188 906 2266 primum
923 2188 1084 2266 prodiderit
1101 2195 1214 2264 patrem

162 2291 275 2350 Aeeten
315 2288 432 2361 Medea,
468 2288 538 2347 dein
577 2287 696 2345 fratrem
729 2288 891 2365 Absyrtum
930 2287 1091 2359 laniauerit,
1128 2285 1212 2344 tertio

164 2384 308 2444 Creusam
339 2393 420 2441 ueste
452 2390 599 2441 uenenata
630 2381 812 2453 cremauerit,
839 2391 989 2459 postremo
1023 2380 1098 2439 filios
1125 2378 1213 2438 truci-

164 2482 283 2541 dauerit.
323 2480 437 2540 Eadem
452 2480 606 2559 permixtio
620 2497 717 2539 rerum
731 2479 789 2538 ΙΙΙ.
805 2483 822 2538 8
838 2498 903 2559 sqq.

287 2596 431 2656 Colchida
452 2615 507 2656 nec
528 2595 651 2654 referam
671 2594 848 2654 uendentem
868 2613 960 2671 regna
980 2593 1110 2671 parentis

286 2695 326 2754 Et
347 2695 475 2754 lacerum
495 2694 614 2754 fratrem
635 2704 745 2769 stupm,
766 2702 937 2770 segetesque
958 2694 1101 2760 uirorum,

287 2793 513 2871 Taurorumque
533 2803 629 2852 truces
649 2792 792 2866 flammas,
814 2791 991 2869 uigilemque
1012 2789 1182 2861 draconem,

288 2892 326 2952 Et
346 2892 468 2951 reduces
488 2909 592 2962 annos
614 2908 744 2966 auroque
765 2889 901 2949 incendia
921 2890 1006 2962 iacta,

207 3050 213 3061 ,
290 2989 328 3050 Et
349 2992 424 3050 male
445 3000 606 3066 conceptos
627 2997 727 3067 partus
748 2989 888 3066 peiusque
909 2998 1037 3060 necatos,

164 3106 195 3166 in
206 3105 311 3183 quibus
324 3105 435 3164 reduces
449 3123 545 3176 annos,
555 3113 586 3161 ut
601 3103 673 3162 olim
688 3102 797 3161 notauit
806 3101 968 3175 ReinesiuS,
981 3101 1058 3160 idem
1070 3099 1214 3178 significat

164 3204 245 3283 quod
258 3203 305 3263 hic
319 3222 415 3263 annos.
451 3202 617 3261 Praeiuerat
626 3199 749 3260 Ouidius
762 3201 830 3260 loco
841 3200 931 3273 nobili
942 3200 979 3258 de
990 3198 1099 3258 Medea
1114 3197 1157 3256 M.
1166 3198 1213 3255 vii.

168 3306 224 3362 168
240 3301 327 3360 Deme
340 3303 407 3359 meu
420 3302 505 3359 annis
519 3306 546 3357 et
557 3300 674 3376 demptos
684 3299 754 3357 adde
761 3301 886 3375 parenti.
924 3312 981 3371 215
991 3307 1046 3373 per
1055 3315 1122 3374 quos
1136 3314 1214 3353 reno·

164 3407 233 3459 uoto
246 3405 366 3459 senectus
377 3399 415 3457 In
420 3400 522 3477 florem
537 3399 631 3458 redeat
637 3399 796 3474 prz'mosque
810 3397 958 3472 recolligat
968 3414 1064 3454 annos.
1104 3407 1160 3468 237
1172 3392 1216 3452 Et

165 3507 255 3559 tumen
269 3518 390 3556 annosae
397 3499 495 3573 pellem
502 3507 620 3573 posuere
633 3501 757 3554 senectae.
795 3514 851 3570 292
861 3495 955 3553 Aeson
969 3495 1096 3552 mr'rutur
1108 3499 1135 3551 et
1148 3493 1214 3550 olr'ru

166 3597 242 3656 Ante
255 3603 355 3672 quater
369 3596 449 3653 denos
463 3596 536 3653 huuc
549 3614 577 3652 se
591 3595 783 3652 reminiscitur
794 3613 893 3652 annos.
1292 3572 1295 3579 Ι

207 3695 306 3754 Potest
319 3694 405 3772 igitur
419 3693 448 3753 id
463 3693 543 3771 quod
557 3703 600 3752 est
614 3694 646 3751 in
656 3693 762 3765 Voss.¹,
777 3699 865 3750 uectus
878 3711 917 3751 ex
931 3691 1046 3766 z'grnibus
1059 3708 1156 3761 annos,
1172 3688 1214 3748 sic

166 3794 283 3854 defendi
297 3805 329 3852 ut
340 3793 482 3870 significet
493 3793 671 3851 iuuentutem
685 3810 722 3851 ex
737 3791 869 3851 coctione
883 3790 948 3848 aeni
960 3790 1115 3863 receptam,
1127 3792 1215 3845 uector

166 3901 198 3951 ut
218 3894 254 3953 sit
272 3891 386 3953 adlatos
405 3902 434 3951 et
452 3891 568 3968 magica
585 3901 645 3951 arte
665 3900 844 3967 reportat0s5
870 3898 899 3948 et
919 3887 959 3947 sic
980 3886 1039 3946 iam
1059 3885 1215 3947 Stoeberus
