2760 4448
505 292 508 301 ·
595 273 640 322 ru
1075 278 1135 345 143

88 427 209 487 Iacobus
243 427 356 488 Ponere
377 445 464 504 passa
485 446 556 488 suos
576 428 653 505 ignis
675 446 764 486 onere
785 437 871 505 atque
886 428 976 486 leuari
990 427 1137 486 Breiterus

88 548 201 588 uersum
216 531 274 598 684
289 529 417 604 spuriam
431 526 689 586 habuz‘lBenlleius.

130 627 254 702 Corrigo
264 633 428 701 taurumque
438 625 674 684 resoluiPondere
681 635 771 701 passa
785 633 861 683 ruost
869 622 935 704 (sibi
949 635 993 684 est
1002 624 1138 701 Huetziar)

89 723 201 797 igm'que
220 721 345 794 onerique
365 722 476 778 leuauit.
512 719 666 777 Ablatiuus
682 720 734 777 erit
747 721 832 792 oneri,
850 719 923 778 sicut
944 722 1017 776 sorti
1029 718 1052 776 I.
1069 723 1137 793 813,

85 818 231 896 parlr'III.
244 832 312 893 395.
333 818 472 894 Iuppiter,
484 817 637 902 Europam
649 817 736 876 dorso
749 817 852 888 serens,
862 828 1019 895 postquam
1031 818 1139 876 Creten

88 917 191 992 tetigit,
205 933 281 975 onus
302 934 386 975 suum
407 934 447 976 sc.
462 915 588 993 puellam
610 914 751 992 deposuit,
768 916 925 992 ignemque
947 933 986 974 sc.
1008 935 1139 975 amorem

89 1033 175 1073 suum
190 1014 286 1072 statim
301 1014 427 1091 expleuit
442 1032 510 1074 cum
524 1011 620 1091 puella
634 1015 841 1072 concumbens.
878 1014 985 1073 Similis
1000 1025 1043 1074 est
1057 1014 1139 1074 locus

88 1112 126 1170 V.
142 1131 202 1187 310
212 1111 376 1187 Etpariter
389 1114 512 1170 zuuenem
526 1131 669 1187 somnoque
683 1131 716 1170 ac
731 1118 816 1170 nrorte
830 1114 943 1170 leuauit.
1140 1098 1141 1103 ἵ

130 1208 183 1268 IV.
200 1213 258 1286 718
274 1228 337 1287 sqq.
353 1210 395 1269 sic
410 1210 506 1270 traditi
520 1220 588 1270 sunt
602 1210 633 1267 in
649 1208 765 1269 Gembl.

208 1307 320 1366 Martia
341 1325 478 1368 romanas
499 1310 586 1367 urbes
607 1317 688 1385 pater
708 1307 800 1366 induit
822 1327 874 1367 ora

213 1404 435 1483 Gradiuumque
456 1423 551 1481 genus
571 1407 696 1465 miscens
717 1406 793 1485 bene
814 1415 955 1483 temperat
976 1416 1064 1465 artus,

132 1519 192 1580 72ο
214 1503 327 1580 Perque
348 1504 494 1564 coloratas
515 1503 628 1563 subtilis
649 1504 738 1581 gretia
758 1514 862 1580 gentes

214 1601 410 1678 Gymnasium
431 1600 556 1680 praefert
576 1602 658 1660 uultu
679 1601 825 1678 fortesque
846 1601 994 1680 palestras.

213 1699 252 1759 Et
272 1700 378 1776 syriam
398 1701 527 1776 produnt
548 1700 615 1759 torti
636 1718 688 1777 per
708 1710 841 1776 tempora
862 1701 955 1759 crines

214 1798 373 1876 Aethiopes
394 1787 539 1859 maculant
560 1799 663 1857 urbem
684 1800 869 1876 tenebrisque
890 1799 1015 1876 figurant

215 1895 350 1957 Perfusas
370 1897 523 1956 hominum
545 1907 645 1974 gentes
667 1897 763 1956 minus
784 1897 863 1956 india
883 1899 966 1957 tostis

134 2010 192 2072 725
214 1995 394 2072 Progenerat
414 1996 602 2073 mediumque
623 1993 692 2054 facit
713 1996 865 2054 moderata
885 2006 1027 2055 tenorem.

215 2093 279 2152 Iam
301 2095 421 2172 propior
443 2094 585 2171 tellusque
606 2104 709 2153 natans
731 2095 855 2171 aegiptia
876 2095 936 2154 nilo

215 2190 316 2251 Liuius
337 2193 451 2269 irriguis
472 2192 597 2252 infuscat
618 2211 743 2268 corpora
764 2194 883 2269 campis.

214 2290 330 2349 Paenus
350 2291 480 2350 arenosis
500 2290 641 2349 Afrorum
662 2291 779 2366 puluere
800 2292 883 2351 terris

214 2388 352 2449 Exsiccat
372 2389 497 2466 populos
518 2399 546 2448 et
568 2388 750 2448 Mauritanea
771 2407 880 2449 nomen

136 2501 195 2564 730
217 2486 284 2547 Oris
305 2487 393 2546 habet
413 2487 586 2565 titulumque
607 2506 661 2547 suo
682 2487 735 2546 fert
755 2487 819 2564 ipsa
840 2487 950 2549 colore.
1003 2483 1012 2500 ³

135 2606 193 2677 718
219 2601 362 2661 Romanis
391 2602 554 2660 Vossz'am‘o
575 2603 655 2662 orbis
678 2601 744 2661 Cur.
800 2617 857 2677 719
889 2622 983 2679 genus
1009 2623 1060 2662 om.
1090 2605 1142 2663 ob

91 2701 195 2760 Venus
222 2700 373 2759 Bentlez'ur.
417 2715 473 2776 722
504 2699 630 2760 Ciferam
667 2698 753 2759 Voss.2
796 2715 852 2775 723
882 2703 1047 2780 tenerisque
1074 2702 1143 2762 Cur.

100 2797 185 2858 Voss.1
229 2812 286 2874 724
300 2799 400 2860 indicit
413 2799 504 2858 hostis
523 2795 609 2856 Voss.2
632 2807 751 2857 tostaso
772 2799 851 2857 testis
874 2797 958 2858 Voss.l
1002 2803 1059 2875 726
1075 2820 1143 2878 pro-

92 2898 172 2974 prior
186 2916 209 2956 ο.
239 2898 302 2956 Iam
316 2898 437 2974 proprio
460 2895 543 2955 tellus
557 2895 688 2972 gaudens
702 2896 847 2971 Aegyptia
862 2895 931 2956 Nilo
945 2897 1040 2956 Benll.
1085 2913 1141 2975 727

92 2995 195 3054 Liuius
211 2994 279 3055 Cus.
300 2995 404 3054 Linnis
427 2993 471 3076 (ut
490 2996 563 3053 milri
574 2997 667 3052 uz'sum
688 2993 738 3069 est)
761 2992 847 3053 Voss.¹
869 2995 971 3055 Limus
985 2997 1067 3074 Lips.
1082 3005 1143 3057 teste

92 3095 191 3153 Iacobo
213 3094 321 3154 Lenius
345 3095 387 3154 bo
410 3092 533 3152 Limoso
557 3091 756 3167 Rossbergz'us.
808 3095 866 3167 728
892 3092 1029 3153 Phoebus
1051 3095 1143 3155 Bentl.

94 3210 234 3252 arenosus
254 3211 278 3265 o.
321 3206 378 3268 729
401 3200 587 3251 mauretanea
616 3187 703 3248 Voss.2
728 3190 901 3249 mauritania
929 3191 1012 3251 Voss¹
1034 3212 1143 3253 nouem

96 3289 163 3350 Cur.
206 3305 222 3366 7
227 3308 266 3365 3ο
281 3290 347 3349 Cris
368 3287 454 3348 Voss.ss
470 3289 540 3347 seret
562 3285 647 3346 Voss.l
661 3287 757 3347 calore
771 3287 897 3350 Iacobus.

134 3406 183 3447 uu.
201 3391 267 3463 718,
284 3403 341 3464 719
357 3389 428 3446 nihil
442 3387 551 3447 habent
566 3385 645 3463 quod
659 3386 762 3444 mutari
778 3386 891 3458 debeat,
903 3387 993 3447 modo
1002 3387 1145 3449 Romanis

94 3506 131 3546 ex
146 3486 299 3549 Vossianis
313 3497 375 3560 eto,
392 3486 471 3544 urbis
486 3504 522 3544 ex
537 3483 636 3543 Voss.2
651 3484 807 3561 scripseris.
843 3483 984 3543 Romanis
999 3485 1144 3545 Romulus

93 3585 174 3643 urbis
191 3592 277 3660 pater
296 3584 415 3642 Martia
439 3603 491 3642 ora
516 3585 610 3641 indui!
629 3582 733 3640 faciem
754 3582 887 3640 bellicam
910 3583 1018 3641 addidit
1040 3582 1144 3643 Martis

94 3684 185 3760 patris
210 3684 263 3756 sui,
284 3693 312 3742 et
336 3683 499 3742 Gradiuum
519 3700 610 3757 genus
635 3683 750 3739 mr'scens
774 3681 998 3740 intermiscendo
1022 3681 1143 3741 Gradiui

95 3783 268 3858 sanguinem
282 3788 363 3841 artus
376 3788 509 3858 temperat
517 3781 579 3839 bene
590 3781 620 3839 in
630 3780 741 3838 bonam
752 3779 1010 3838 conformationem
1026 3781 1142 3857 effingit.

100 3879 262 3940 Gradiuum
272 3900 362 3956 genus
376 3880 482 3939 locutio
498 3889 540 3939 est
552 3897 672 3954 compar
684 3878 853 3937 Horatianis
864 3875 1028 3935 Mctmrum
1034 3880 1143 3954 flumen
