2760 4448
162 241 219 304 xiv
584 253 797 302 animitas

199 413 366 467 Sherburne.
385 413 447 466 The
469 412 575 481 Sphere
596 412 627 464 of
647 413 760 465 Marcus
781 410 915 466 Manilius
934 411 1017 466 made
1035 428 1071 465 an
1092 413 1212 481 English

271 498 375 549 Poem:
402 497 466 549 with
485 496 673 550 Annotations
696 495 752 549 and
774 512 810 548 an
830 496 1036 550 Astronomical
1053 496 1211 565 Appendix.

270 582 313 647 By
326 579 448 632 Edward
463 580 622 634 Sherbume
636 578 763 648 Esquire.
802 579 919 632 London
935 581 1010 648 1675.

201 663 309 716 Creeclz.
329 663 390 716 The
404 662 457 716 five
474 664 564 716 books
582 662 613 716 of
628 664 669 717 M.
684 661 817 716 Manilius
833 664 908 717 done
926 662 984 716 into
998 663 1118 732 English
1132 680 1213 718 verse

271 747 308 814 by
321 747 353 798 T.
368 747 400 799 C.
417 746 491 813 1697.

200 829 293 882 Bentl.
314 831 354 882 M.
379 829 489 882 Manilii
510 829 727 883 Astronomicon
751 847 784 884 ex
809 827 972 884 recensione
997 839 1024 884 et
1050 847 1114 883 cum
1138 829 1214 883 notis

272 912 406 965 Richardi
420 912 548 966 Bentleii.
586 911 706 965 Londini
722 925 797 980 1739.

238 995 330 1049 Huius
342 996 444 1049 edendi
458 1012 552 1049 curam
567 995 709 1049 Bentleius
722 995 837 1064 patrueli
851 996 1041 1050 demandauit.

202 1079 321 1132 Stoeber.
342 1079 416 1132 Cura
428 1087 456 1131 et
470 1078 562 1132 studio
576 1079 616 1131 M.
631 1077 711 1132 Eliae
723 1078 860 1132 Stoeberi.
896 1079 1075 1147 Argentorati
1091 1081 1168 1145 1767.

201 1163 349 1232 Pingraei.
369 1159 492 1230 (Pingre)
507 1161 699 1230 interpretatio
713 1161 821 1215 Gallica
834 1178 897 1215 cum
911 1162 993 1216 notis.
1031 1162 1110 1216 Paris
1127 1164 1203 1229 1786.

209 1245 348 1312 Valpz'ana
373 1244 525 1297 secundum
550 1245 594 1298 ed.
615 1244 705 1297 Bentl.
724 1261 788 1297 cum
809 1244 882 1298 notis
908 1232 1055 1298 uariorum.
1094 1245 1216 1300 Londini

276 1327 351 1380 1828.

202 1410 292 1464 Iacob.
324 1411 364 1464 M.
396 1409 495 1463 Manili
525 1410 739 1464 Astronomicon
771 1409 847 1463 Libri
880 1411 1019 1480 Quinque.
1063 1412 1215 1466 Recensuit

273 1493 431 1547 Fridericus
442 1494 535 1547 Iacob.
559 1493 676 1547 Accedit
687 1493 775 1548 Index
786 1504 813 1547 et
823 1493 1028 1562 diagrammata
1040 1495 1215 1565 astrologica.

276 1576 397 1630 Berolini
414 1578 489 1642 1846.

238 1661 313 1714 Vsus
343 1670 385 1714 est
417 1660 536 1714 lacobus
568 1660 711 1714 codicibus
742 1661 852 1715 Gembl.
881 1661 956 1730 Lips.
985 1663 1051 1716 Cus.
1076 1662 1217 1716 Vossiano

274 1753 399 1812 utroque,
418 1743 466 1797 sed
486 1742 531 1796 uix
548 1741 614 1796 satis
632 1743 787 1810 diligenter,
805 1743 828 1796 si
845 1743 882 1797 ad
900 1743 982 1798 huius
1001 1745 1103 1799 saeculi
1121 1763 1217 1799 curam

275 1826 345 1881 liber
356 1826 490 1895 exigatur.
528 1828 580 1880 Est
593 1836 688 1880 tamen
701 1827 760 1880 sola
773 1825 860 1880 editio
877 1844 949 1896 quae
966 1828 1103 1897 adparatu
1120 1828 1217 1882 critico

275 1919 409 1978 perpetuo
429 1909 565 1963 instructa
584 1909 678 1963 usibus
697 1910 732 1963 sit
752 1909 853 1965 idonea
871 1911 955 1965 hodie
974 1911 1142 1980 legentium;
1166 1912 1217 1966 ita-

275 2009 329 2061 que
353 2009 449 2046 uersus
474 1992 606 2046 carminis
629 1993 775 2047 Maniliani
799 2012 909 2064 semper
932 1997 969 2048 ab
991 1997 1044 2049 hac
1066 2004 1093 2049 et
1115 2013 1168 2064 ego
1190 2006 1217 2050 et

276 2075 444 2130 Thomasius
457 2075 485 2128 in
499 2076 753 2131 Lucubratiom'bus
765 2079 941 2132 Mam'lianis
954 2079 1110 2133 citauimus.
