2760 4448
256 294 318 369 246
537 303 590 352 An
612 302 767 351 ARATEA
795 301 1016 351 GERMANICI

319 478 356 540 97
378 462 511 523 Detrahit
532 472 673 521 autumno
694 463 807 538 pluuias
829 462 990 538 eademque
1012 458 1132 538 repleuit

379 562 515 622 Nubibus
535 561 664 620 adsiduis
689 561 801 620 caelum
823 563 889 623 iob
912 560 962 639 (ad
982 560 1096 640 Parii.)
1117 560 1226 636 frigore

460 661 553 737 prima

378 759 553 817 Extremum
574 759 703 816 autumni
725 767 859 834 superent
882 757 1120 834 †glaciaterrore.

257 893 451 953 Baehreusius
467 894 515 968 98,
528 910 565 967 99
578 893 618 949 sic
637 891 813 949 emendabat
827 890 959 950 Nubibus
972 911 998 949 a.
1011 893 1115 949 caeluni
1130 894 1179 951 sub
1186 893 1309 970 frigore

250 995 356 1069 pri'ma,
371 990 544 1049 Extremum
560 992 691 1046 autumni
703 1000 840 1066 superans
848 992 994 1065 glaciante
1007 992 1109 1066 rigore.
1151 991 1188 1048 Id
1203 1010 1308 1068 quam·

256 1092 301 1149 uis
317 1090 421 1148 habeat
438 1107 528 1165 quare
544 1087 766 1147 commendetur
783 1108 819 1147 ex
839 1088 1070 1165 palaeographia,
1086 1107 1189 1146 uerum
1208 1101 1306 1148 tamen

257 1207 319 1247 non
347 1187 451 1258 credo;
488 1186 630 1245 rarissime
662 1187 741 1244 enim
772 1187 802 1244 in
832 1186 998 1246 Germanici
1029 1188 1156 1246 carmine
1188 1207 1306 1247 uersum

257 1287 389 1345 inuenies
411 1287 452 1345 sic
473 1285 645 1344 conclusum
662 1294 693 1342 ut
712 1283 758 1343 hic
777 1294 821 1344 est
836 1286 981 1360 glacianle.
994 1287 1113 1361 rigare:
1133 1290 1188 1345 etsi
1209 1287 1307 1345 huius·

258 1385 338 1444 modi
367 1384 565 1443 assonantiam
594 1384 624 1441 in
651 1403 670 1440 a
695 1383 786 1442 littera
813 1385 909 1442 minus
937 1385 1041 1460 refugit
1069 1400 1122 1458 151
1150 1389 1308 1461 tranquilla

257 1504 362 1547 sirena.
390 1499 446 1558 153
472 1489 591 1540 uentura
615 1501 719 1554 serena,
739 1485 842 1558 plania
866 1485 985 1541 siin'stra
1008 1484 1116 1542 Phaen.
1142 1486 1192 1557 81,
1212 1496 1307 1560 penna

259 1591 377 1658 utraque
402 1584 475 1639 laeta
504 1583 571 1653 281,
599 1582 684 1638 nii'ssa
711 1583 815 1657 sagi'iia
845 1595 913 1656 315,
934 1585 1082 1659 praedata
1100 1584 1207 1660 figura
1237 1597 1295 1657 447

260 1681 441 1740 Sententiam
454 1681 512 1738 loci
527 1681 568 1738 sic
582 1679 760 1756 interpretor,
777 1679 923 1740 Venerem
941 1683 994 1739 sub
1009 1681 1097 1741 Libra
1116 1683 1145 1741 in
1165 1693 1307 1742 autumno

153 1842 155 1848 ,
261 1780 355 1838 facere
380 1789 411 1837 ut
435 1778 551 1855 pluuiae
574 1796 635 1837 non
661 1778 725 1847 sint,
750 1780 843 1837 nubes
871 1779 1019 1856 pendeant
1046 1781 1205 1854 insolutae3
1241 1782 1307 1841 hinc

260 1879 376 1936 euenire
397 1887 428 1934 ut
449 1895 508 1953 quo
529 1886 660 1952 tempore
682 1886 837 1936 autumnus
859 1877 935 1937 cedit
956 1878 986 1936 in
1008 1878 1141 1950 hiemem,
1157 1899 1194 1938 ex
1216 1880 1308 1958 glacie

260 1976 350 2052 frigus
367 1993 428 2034 non
447 1993 484 2033 ex
505 1975 611 2051 pluuiis
631 1974 687 2032 fiat.
730 1974 809 2033 Nam
826 1993 892 2034 cum
912 1985 941 2034 et
961 1986 1100 2054 uergente
1122 1988 1267 2039 autumno
1284 1991 1310 2038 et

259 2075 341 2132 initio
377 2072 479 2132 hiemis
515 2072 607 2148 frigus
640 2073 697 2144 frat,
721 2083 862 2133 autumno
896 2092 933 2132 ex
968 2074 1116 2148 imbribus,
1146 2076 1244 2135 hieme
1273 2098 1309 2138 ex

260 2172 369 2248 glacie:
395 2172 497 2230 Venus
520 2171 608 2229 efficit
632 2172 725 2229 nubes
747 2172 877 2229 autumni
902 2190 939 2230 ne
965 2172 1113 2231 soluantur
1136 2174 1166 2232 in
1189 2175 1311 2252 pluuias

261 2291 334 2331 neue
357 2291 393 2330 ex
414 2271 459 2330 his
480 2272 569 2348 frigus
591 2281 745 2347 sequatur:
767 2270 847 2347 quod
864 2271 967 2330 hiemis
987 2273 1106 2330 tandem
1123 2273 1252 2333 aduentu
1272 2277 1310 2336 fit.

263 2371 309 2431 Sic
318 2372 445 2449 frigora
463 2372 575 2446 ,briniae
591 2371 711 2426 brumae
729 2375 863 2444 superant
874 2369 981 2427 imbres
995 2371 1157 2430 recedentis
1171 2377 1310 2434 autumni.

260 2469 363 2546 Itaque
377 2471 417 2526 ad
430 2469 477 2526 uel
491 2469 523 2526 ab
538 2466 589 2546 (ob
603 2492 635 2519 =
648 2464 687 2544 d)
702 2468 732 2525 in
747 2469 797 2525 dat
809 2477 898 2538 mum,
909 2469 1113 2542 glaciaiirrare
1127 2472 1157 2529 in
1171 2474 1311 2547 glacialia

262 2566 320 2645 (uel
330 2564 506 2645 glacianti'a)
520 2586 621 2625 rorem.

792 2664 840 2724 dat
861 2665 969 2740 frigora
987 2666 1080 2742 prima

384 2764 555 2823 Extremum
578 2763 711 2821 autumni
733 2772 869 2838 superent
890 2764 1022 2839 glacialia
1042 2784 1146 2826 rorem.

264 2896 293 2953 Si
315 2896 381 2972 quis
402 2907 500 2954 autem
522 2904 656 2972 queratur
678 2897 719 2954 sic
741 2895 879 2954 omissam
897 2895 1015 2954 Libram
1037 2899 1096 2957 siue
1112 2899 1228 2974 Chelas,
1245 2921 1313 2960 cum

264 3004 360 3052 cetera
385 2995 468 3070 signa
493 2994 595 3053 ordine
620 3004 832 3065 enumerentur,
855 3013 909 3070 pro
933 2997 1038 3053 caelum
1063 2999 1105 3054 ad
1127 2996 1184 3076 (ab)
1207 3002 1314 3059 scribat

263 3094 403 3151 cliilarum
425 3098 457 3149 ul
464 3093 592 3170 frigora
607 3094 707 3167 pithia
726 3091 765 3148 E.
784 3112 811 3150 a.
829 3100 959 3168 superent
973 3096 1112 3170 glacialia
1133 3114 1224 3155 raram
1245 3098 1273 3156 h.
1288 3119 1313 3159 e.

263 3192 364 3248 Venus
379 3200 520 3248 autumno
535 3189 626 3247 modo
642 3190 756 3266 pluuias
770 3201 897 3262 amouet‚
909 3192 999 3253 modo
1014 3193 1117 3269 ingerit
1130 3195 1204 3255 adeo
1220 3197 1316 3274 spisse

263 3299 295 3346 ut
320 3288 452 3346 autumni
480 3286 585 3364 frigora
613 3289 707 3364 prima
736 3307 811 3365 quae
839 3291 893 3347 sub
918 3289 1006 3350 Libra
1027 3293 1100 3351 fiunt
1122 3295 1233 3353 acriora
1258 3297 1316 3355 sint

264 3387 409 3446 interdum
432 3387 474 3445 eis
498 3405 574 3463 quae
596 3387 727 3445 autumni
749 3387 860 3464 gelidos
882 3388 990 3448 imbres
1015 3391 1067 3450 sed
1095 3393 1228 3453 exeuntis
1256 3396 1316 3453 iam

264 3494 291 3543 et
306 3485 336 3543 in
351 3484 477 3544 hiemem
492 3486 629 3544 uertentis
644 3486 825 3544 comitantur.

310 3621 362 3659 101
736 3612 764 3660 at
786 3602 854 3660 diris
874 3602 973 3660 omnia
994 3606 1101 3664 nimbis

388 3701 598 3776 Continuisque
619 3711 703 3760 ruent
726 3701 798 3781 (ruet
819 3702 931 3782 MSS),
953 3722 1021 3762 cum
1042 3723 1095 3781 per
1116 3705 1235 3764 sinuosa

469 3811 580 3857 tenetur

389 3897 507 3955 Cornua
528 3897 667 3957 Centauri
689 3898 787 3974 rapida
810 3900 942 3959 distincta
964 3901 1076 3977 sagitta.
