2760 4448
623 591 700 653 LIB.
720 591 758 655 Il.

207 769 247 829 II.
264 771 322 845 6—9
344 769 385 831 sic
400 777 499 829 extant
513 768 543 827 in
558 767 673 828 Gembl.

288 868 455 946 Vltimaque
476 869 507 926 in
527 867 619 944 patria
639 866 731 944 captis
749 866 903 944 penatibus
924 886 1005 928 arma

289 966 348 1027 Ore
370 984 455 1026 sacro
476 967 581 1026 cecinit
601 967 696 1043 patria
717 984 791 1043 quae
812 967 873 1026 iura
893 977 1042 1044 petentem

289 1063 369 1124 Dum
390 1064 479 1124 dabat
500 1065 605 1142 eripuit
625 1065 765 1142 cuiusque
787 1083 823 1124 ex
845 1084 895 1125 ore
916 1066 1049 1143 profusas

289 1162 395 1224 Omnis
416 1163 567 1240 posteritas
588 1162 686 1222 lances
707 1163 737 1221 in
759 1163 888 1223 carmina
909 1164 990 1224 dixit.

209 1263 226 1318 6
241 1261 390 1338 captisque
398 1263 534 1338 plerique.
580 1275 595 1336 7
607 1262 700 1337 patria
715 1280 790 1338 quae
804 1261 866 1320 iura
879 1272 1027 1339 petentem
1044 1262 1112 1323 Cur.
1131 1263 1216 1325 Voss}

164 1362 241 1417 etsie
257 1359 343 1420 Voss.²
353 1361 738 1437 miz'quodhubetpatriaque
774 1361 866 1436 patria
876 1370 962 1439 atque
974 1360 1065 1439 (atqui
1074 1361 1217 1440 Regium.)

165 1458 229 1515 iura
243 1467 390 1535 petentem
404 1478 420 1517 o
433 1466 460 1517 et
470 1461 510 1517 ed.
521 1458 650 1536 Regium.
666 1459 777 1535 patriae
792 1477 880 1536 quern
894 1459 912 1519 i.
927 1469 1075 1536 petentem
1089 1460 1105 1519 b
1143 1462 1217 1539 sor-

164 1562 239 1614 tasse
259 1557 351 1633 patria
372 1558 410 1616 ab
430 1575 490 1634 quo
511 1557 573 1615 iura
594 1566 719 1633 petente.
762 1557 932 1634 8profusos
953 1558 1086 1618 Vossz'uni
1096 1559 1216 1635 profuso

164 1653 181 1711 b
196 1673 219 1714 o.
263 1674 281 1729 9
296 1655 394 1714 latices
407 1655 536 1732 Regium.
568 1655 650 1714 duxit
672 1655 807 1727 Vussz'ani,
822 1656 838 1714 b
852 1675 875 1716 u.

207 1771 235 1811 u.
253 1767 268 1828 7
284 1752 454 1813 Gronouius
467 1763 496 1813 et
515 1772 608 1831 nuper
625 1752 772 1813 Breiterus
790 1755 831 1814 sic
845 1754 1035 1814 emendarunt
1042 1757 1157 1832 patriae
1171 1756 1220 1814 eui

164 1852 234 1909 eura
242 1854 351 1926 petenti,
367 1853 405 1911 ad
420 1852 585 1912 Homerum
600 1853 763 1924 referentes
778 1853 823 1912 cui
842 1871 910 1913 cum
924 1855 1047 1930 patriam
1066 1864 1217 1932 quaereret

165 1968 184 2008 a
202 1968 259 2026 qua
272 1951 335 2009 iura
348 1952 471 2010 ciuitatis
485 1952 632 2028 acciperet
644 1953 796 2028 posteritas
811 1970 847 2010 ea
861 1953 923 2011 iura
937 1962 966 2012 et
980 1952 1060 2011 dedit
1073 1962 1103 2011 et
1116 1951 1216 2010 dando

165 2048 288 2125 eripuit,;
310 2058 421 2125 septem
443 2050 521 2108 enim
541 2050 628 2114 urbes
649 2050 828 2125 assignando
846 2051 955 2108 nullam
977 2051 1003 2109 ei
1026 2061 1135 2109 certam
1149 2050 1214 2109 reli·

164 2146 236 2223 quit,
257 2156 290 2206 ut
310 2149 406 2206 uerbis
427 2157 492 2205 utar
512 2146 654 2207 Bentleii:
677 2147 713 2208 cf.
735 2148 797 2207 Cic.
820 2148 908 2207 Arch.
929 2150 984 2207 viii.
1002 2168 1037 2224 19
1059 2149 1215 2206 Homerum

166 2243 336 2320 Colophonii
345 2248 432 2304 crium
446 2266 501 2305 esse
515 2247 614 2305 dzeuut
625 2266 716 2319 suum,
735 2245 806 2306 Clu‘i
819 2265 901 2304 suum
918 2248 1072 2317 uindicaret,
1088 2245 1215 2305 Salami-

163 2345 211 2401 nii
231 2350 362 2420 repetunt,
389 2344 542 2421 Smyrnaei
559 2364 625 2404 uero
644 2364 726 2404 suum
747 2365 803 2404 esse
823 2345 998 2422 confirmant,
1022 2347 1112 2420 uiaque
1132 2347 1215 2403 etrum

163 2441 309 2502 delubrum
337 2445 395 2501 eius
424 2446 454 2502 iu
482 2445 577 2520 oppilio
598 2445 816 2502 dedz'cuueruut:
838 2445 977 2519 permulti
996 2445 1053 2501 ulz'i
1067 2449 1216 2520 praeterea

156 2549 294 2618 pugnant
312 2543 384 2600 tuter
405 2562 433 2600 se
454 2550 534 2619 utque
557 2544 730 2600 contendunt.
765 2543 832 2619 Ego
854 2543 1030 2619 inpetentem
1056 2542 1215 2601 ablatiuum

162 2639 260 2717 potius
274 2646 386 2716 petente,
401 2641 431 2698 in
450 2649 531 2717 utque
550 2642 609 2699 siue
627 2644 709 2717 atqui
722 2641 801 2717 quod
820 2641 929 2699 habent
943 2651 1001 2700 oet
1019 2641 1065 2700 ed.
1079 2640 1215 2716 Regiom.

163 2737 200 2796 ab
220 2757 274 2813 quo
294 2739 382 2798 latere
402 2740 546 2812 existimo,
561 2742 664 2816 putrz'a
685 2740 720 2798 ab
741 2758 794 2815 quo
814 2740 881 2797 iura
895 2746 1001 2815 petente
1020 2724 1100 2797 Dum
1121 2740 1214 2810 dabat,

162 2838 277 2912 erupuit,
292 2836 320 2896 h.
336 2856 362 2897 e.
379 2840 417 2897 ab
438 2856 499 2915 quo
520 2839 702 2915 patriacum
723 2839 785 2896 iura
807 2839 850 2896 sui
872 2838 932 2896 siue
954 2839 1075 2896 ciuitatis
1096 2847 1215 2914 peteret,

162 2954 208 3007 ea,
224 2954 293 2995 cum
307 2937 396 3008 daret,
411 2937 522 3014 eripuit.
553 2936 662 2996 Durius
676 2939 755 2995 enim
769 2937 806 2995 ad
820 2938 924 3011 erupuit
934 2936 1054 2994 refertur
1066 2946 1215 3013 tamquam

162 3034 362 3096 nominatiuus
376 3035 407 3095 id
424 3035 503 3114 quod
519 3036 550 3094 in
567 3046 705 3112 sequente
723 3044 838 3094 tantum
855 3035 997 3093 sententia
1011 3035 1109 3094 locum
1129 3052 1214 3093 suum

162 3132 251 3192 habet
258 3137 430 3209 posterum,-
444 3153 462 3193 a
476 3153 538 3212 quo
552 3134 670 3194 distrahi
684 3143 744 3193 arte
759 3133 918 3193 cohaerens
933 3133 1111 3194 uocabulum
1126 3134 1214 3192 omnis

162 3249 225 3290 non
241 3232 347 3291 debuit.

205 3329 245 3388 II.
261 3349 360 3406 39-43
382 3330 424 3391 sic
438 3340 538 3390 extant
551 3331 582 3388 in
596 3329 713 3391 Gembl.

287 3428 455 3501 Quinetiam
475 3447 615 3506 pecorum
636 3430 705 3488 ritus
727 3438 756 3488 et
776 3428 857 3488 Pana
879 3439 1033 3489 sonantem

206 3546 244 3601 40
288 3528 324 3586 In
344 3527 476 3588 calamos
498 3527 595 3587 Sicula
616 3537 761 3587 memorat
781 3528 880 3586 tellure
902 3529 1005 3586 creatis

286 3625 350 3686 Nec
373 3627 452 3686 siluis
474 3627 602 3686 siluestre
623 3627 709 3697 canit,
731 3645 840 3703 perque
861 3626 979 3684 horrida
999 3636 1095 3684 motus

286 3723 367 3784 Rura
388 3726 457 3785 serit
477 3725 570 3785 dulcis
585 3744 757 3803 musamque
779 3725 888 3784 inducit
909 3725 939 3782 in
961 3742 1054 3783 auras,

206 3843 242 3900 39
265 3825 336 3884 ritus
360 3842 500 3902 pecorum
525 3824 593 3885 Cus.
615 3832 641 3883 et
663 3824 742 3903 Liar.
764 3825 834 3884 ritus
859 3841 1055 3904 pecorumque
1085 3821 1217 3881 Vossmm'
