<?xml version="1.0" encoding="UTF-8"?>
<!DOCTYPE html PUBLIC "-//W3C//DTD XHTML 1.0 Transitional//EN"
    "http://www.w3.org/TR/xhtml1/DTD/xhtml1-transitional.dtd">
<html xmlns="http://www.w3.org/1999/xhtml" xml:lang="en" lang="en">
 <head>
  <title>
</title>
<meta http-equiv="Content-Type" content="text/html;charset=utf-8" />
  <meta name='ocr-system' content='tesseract 3.04.00' />
  <meta name='ocr-capabilities' content='ocr_page ocr_carea ocr_par ocr_line ocrx_word'/>
</head>
<body>
  <div class='ocr_page' id='page_1' title='image "./noctesmaniliana00elligoog/noctesmaniliana00elligoog_0141.png"; bbox 0 0 2760 4448; ppageno 0'>
   <div class='ocr_carea' id='block_1_1' title="bbox 239 259 1065 325">
    <p class='ocr_par' dir='ltr' id='par_1_1' title="bbox 239 259 1065 325">
     <span class='ocr_line' id='line_1_1' title="bbox 239 259 1065 325; baseline -0.006 -1"><span class='ocrx_word' id='word_1_1' title='bbox 239 277 301 325; x_wconf 83' lang='lat'>120</span> <span class='ocrx_word' id='word_1_2' title='bbox 551 271 698 322; x_wconf 84' lang='lat' dir='ltr'><em>NOCTES</em></span> <span class='ocrx_word' id='word_1_3' title='bbox 717 269 966 321; x_wconf 71' lang='lat' dir='ltr'><em>MANILIANAE</em></span> <span class='ocrx_word' id='word_1_4' title='bbox 1062 259 1065 265; x_wconf 44' lang='lat'>¹</span> 
     </span>
    </p>
   </div>
   <div class='ocr_carea' id='block_1_2' title="bbox 238 426 1295 1782">
    <p class='ocr_par' dir='ltr' id='par_1_2' title="bbox 238 426 1295 1782">
     <span class='ocr_line' id='line_1_2' title="bbox 238 426 1289 508; baseline -0.005 -15"><span class='ocrx_word' id='word_1_5' title='bbox 238 433 383 493; x_wconf 78' lang='lat' dir='ltr'>sationem</span> <span class='ocrx_word' id='word_1_6' title='bbox 407 429 504 503; x_wconf 86' lang='lat' dir='ltr'>habet,</span> <span class='ocrx_word' id='word_1_7' title='bbox 526 442 558 491; x_wconf 91' lang='lat' dir='ltr'>ut</span> <span class='ocrx_word' id='word_1_8' title='bbox 583 432 644 508; x_wconf 90' lang='lat' dir='ltr'>ipse</span> <span class='ocrx_word' id='word_1_9' title='bbox 670 430 815 490; x_wconf 90' lang='lat' dir='ltr'>Breiterus</span> <span class='ocrx_word' id='word_1_10' title='bbox 839 430 1010 502; x_wconf 89' lang='lat' dir='ltr'>confitetur;</span> <span class='ocrx_word' id='word_1_11' title='bbox 1046 438 1089 489; x_wconf 86' lang='lat' dir='ltr'>est</span> <span class='ocrx_word' id='word_1_12' title='bbox 1116 428 1195 488; x_wconf 90' lang='lat' dir='ltr'>enirn</span> <span class='ocrx_word' id='word_1_13' title='bbox 1221 426 1241 488; x_wconf 88' lang='lat' dir='ltr'>i.</span> <span class='ocrx_word' id='word_1_14' title='bbox 1256 444 1289 504; x_wconf 86' lang='lat' dir='ltr'>q.</span> 
     </span>
     <span class='ocr_line' id='line_1_3' title="bbox 239 527 1291 607; baseline -0.005 -18"><span class='ocrx_word' id='word_1_15' title='bbox 239 539 407 607; x_wconf 84' lang='lat' dir='ltr'>arroganter</span> <span class='ocrx_word' id='word_1_16' title='bbox 421 529 537 606; x_wconf 86' lang='lat' dir='ltr'>spernit.</span> <span class='ocrx_word' id='word_1_17' title='bbox 571 529 661 606; x_wconf 88' lang='lat' dir='ltr'>Atqui</span> <span class='ocrx_word' id='word_1_18' title='bbox 675 532 764 587; x_wconf 81' lang='lat' dir='ltr'>uz&#39;ctor</span> <span class='ocrx_word' id='word_1_19' title='bbox 777 529 957 588; x_wconf 88' lang='lat' dir='ltr'>retinendum</span> <span class='ocrx_word' id='word_1_20' title='bbox 971 545 1034 586; x_wconf 90' lang='lat' dir='ltr'>esse</span> <span class='ocrx_word' id='word_1_21' title='bbox 1049 527 1175 586; x_wconf 88' lang='lat' dir='ltr'>clamant</span> <span class='ocrx_word' id='word_1_22' title='bbox 1188 537 1291 586; x_wconf 88' lang='lat' dir='ltr'>ueter-</span> 
     </span>
     <span class='ocr_line' id='line_1_4' title="bbox 239 624 1288 703; baseline -0.004 -17"><span class='ocrx_word' id='word_1_23' title='bbox 239 628 304 687; x_wconf 90' lang='lat' dir='ltr'>rimi</span> <span class='ocrx_word' id='word_1_24' title='bbox 327 628 452 698; x_wconf 85' lang='lat' dir='ltr'>codices,</span> <span class='ocrx_word' id='word_1_25' title='bbox 473 627 579 686; x_wconf 87' lang='lat' dir='ltr'>clamat</span> <span class='ocrx_word' id='word_1_26' title='bbox 603 627 768 685; x_wconf 85' lang='lat' dir='ltr'>Plautinum</span> <span class='ocrx_word' id='word_1_27' title='bbox 795 625 873 696; x_wconf 80' lang='lat' dir='ltr'>illud,</span> <span class='ocrx_word' id='word_1_28' title='bbox 897 625 976 703; x_wconf 92' lang='lat' dir='ltr'>quod</span> <span class='ocrx_word' id='word_1_29' title='bbox 1000 625 1150 685; x_wconf 85' lang='lat' dir='ltr'>Pontanus</span> <span class='ocrx_word' id='word_1_30' title='bbox 1173 624 1288 695; x_wconf 77' lang='lat' dir='ltr'>adtulit,</span> 
     </span>
     <span class='ocr_line' id='line_1_5' title="bbox 239 722 1290 794; baseline -0.002 -10"><span class='ocrx_word' id='word_1_31' title='bbox 239 729 342 785; x_wconf 79' lang='lat' dir='ltr'>uirtute</span> <span class='ocrx_word' id='word_1_32' title='bbox 369 727 449 784; x_wconf 82' lang='lat' dir='ltr'><em>dixit</em></span> <span class='ocrx_word' id='word_1_33' title='bbox 474 745 523 784; x_wconf 89' lang='lat' dir='ltr'>uos</span> <span class='ocrx_word' id='word_1_34' title='bbox 549 726 666 784; x_wconf 82' lang='lat' dir='ltr'>uictores</span> <span class='ocrx_word' id='word_1_35' title='bbox 693 727 810 794; x_wconf 77' lang='lat' dir='ltr'>urirere,·</span> <span class='ocrx_word' id='word_1_36' title='bbox 845 734 946 784; x_wconf 87' lang='lat' dir='ltr'>contra</span> <span class='ocrx_word' id='word_1_37' title='bbox 973 726 1044 783; x_wconf 78' lang='lat' dir='ltr'>uicto</span> <span class='ocrx_word' id='word_1_38' title='bbox 1071 743 1110 783; x_wconf 91' lang='lat' dir='ltr'>ne</span> <span class='ocrx_word' id='word_1_39' title='bbox 1137 722 1290 783; x_wconf 83' lang='lat' dir='ltr'>Bentleius</span> 
     </span>
     <span class='ocr_line' id='line_1_6' title="bbox 240 822 1292 901; baseline -0.003 -19"><span class='ocrx_word' id='word_1_40' title='bbox 240 824 366 900; x_wconf 90' lang='lat' dir='ltr'>quidem,</span> <span class='ocrx_word' id='word_1_41' title='bbox 387 824 436 901; x_wconf 89' lang='lat' dir='ltr'>qui</span> <span class='ocrx_word' id='word_1_42' title='bbox 464 823 493 883; x_wconf 94' lang='lat' dir='ltr'>id</span> <span class='ocrx_word' id='word_1_43' title='bbox 520 842 557 882; x_wconf 85' lang='lat' dir='ltr'>ex</span> <span class='ocrx_word' id='word_1_44' title='bbox 578 822 655 882; x_wconf 91' lang='lat' dir='ltr'>Rud.</span> <span class='ocrx_word' id='word_1_45' title='bbox 676 823 714 881; x_wconf 89' lang='lat' dir='ltr'>iii.</span> <span class='ocrx_word' id='word_1_46' title='bbox 738 842 764 881; x_wconf 84' lang='lat'>2.</span> <span class='ocrx_word' id='word_1_47' title='bbox 787 836 803 898; x_wconf 78' lang='lat'><strong>7</strong></span> <span class='ocrx_word' id='word_1_48' title='bbox 825 822 924 881; x_wconf 79' lang='lat' dir='ltr'>Facite</span> <span class='ocrx_word' id='word_1_49' title='bbox 946 823 992 880; x_wconf 78' lang='lat' dir='ltr'>hic</span> <span class='ocrx_word' id='word_1_50' title='bbox 1016 825 1073 898; x_wconf 82' lang='lat' dir='ltr'>lege</span> <span class='ocrx_word' id='word_1_51' title='bbox 1087 824 1182 899; x_wconf 76' lang='lat' dir='ltr'>potrirr</span> <span class='ocrx_word' id='word_1_52' title='bbox 1205 824 1292 880; x_wconf 81' lang='lat' dir='ltr'>liceat</span> 
     </span>
     <span class='ocr_line' id='line_1_7' title="bbox 240 920 1290 998; baseline -0.002 -18"><span class='ocrx_word' id='word_1_53' title='bbox 240 941 323 998; x_wconf 85' lang='lat' dir='ltr'>quam</span> <span class='ocrx_word' id='word_1_54' title='bbox 341 923 376 978; x_wconf 85' lang='lat' dir='ltr'>ui</span> <span class='ocrx_word' id='word_1_55' title='bbox 392 923 463 979; x_wconf 81' lang='lat' dir='ltr'>uicto</span> <span class='ocrx_word' id='word_1_56' title='bbox 484 923 578 979; x_wconf 69' lang='lat' dir='ltr'>urirere</span> <span class='ocrx_word' id='word_1_57' title='bbox 596 931 703 981; x_wconf 89' lang='lat' dir='ltr'>tutatus</span> <span class='ocrx_word' id='word_1_58' title='bbox 722 931 774 994; x_wconf 89' lang='lat' dir='ltr'>est,</span> <span class='ocrx_word' id='word_1_59' title='bbox 790 921 858 980; x_wconf 89' lang='lat' dir='ltr'>satis</span> <span class='ocrx_word' id='word_1_60' title='bbox 879 931 930 979; x_wconf 89' lang='lat' dir='ltr'>aut</span> <span class='ocrx_word' id='word_1_61' title='bbox 949 920 1012 980; x_wconf 88' lang='lat' dir='ltr'>aliis</span> <span class='ocrx_word' id='word_1_62' title='bbox 1032 929 1081 978; x_wconf 88' lang='lat' dir='ltr'>aut</span> <span class='ocrx_word' id='word_1_63' title='bbox 1103 920 1156 979; x_wconf 88' lang='lat' dir='ltr'>sibi</span> <span class='ocrx_word' id='word_1_64' title='bbox 1177 920 1290 997; x_wconf 89' lang='lat' dir='ltr'>adpro-</span> 
     </span>
     <span class='ocr_line' id='line_1_8' title="bbox 240 1018 1291 1097; baseline -0.004 -18"><span class='ocrx_word' id='word_1_65' title='bbox 240 1021 328 1080; x_wconf 87' lang='lat' dir='ltr'>bauit.</span> <span class='ocrx_word' id='word_1_66' title='bbox 376 1020 478 1097; x_wconf 92' lang='lat' dir='ltr'>ltaque</span> <span class='ocrx_word' id='word_1_67' title='bbox 500 1021 633 1097; x_wconf 89' lang='lat' dir='ltr'>quamuis</span> <span class='ocrx_word' id='word_1_68' title='bbox 658 1030 687 1079; x_wconf 92' lang='lat' dir='ltr'>et</span> <span class='ocrx_word' id='word_1_69' title='bbox 708 1019 856 1078; x_wconf 87' lang='lat' dir='ltr'>Bentleius</span> <span class='ocrx_word' id='word_1_70' title='bbox 880 1030 908 1079; x_wconf 90' lang='lat' dir='ltr'>et</span> <span class='ocrx_word' id='word_1_71' title='bbox 929 1018 977 1078; x_wconf 88' lang='lat' dir='ltr'>alii</span> <span class='ocrx_word' id='word_1_72' title='bbox 998 1018 1163 1096; x_wconf 73' lang='lat' dir='ltr'>complures</span> <span class='ocrx_word' id='word_1_73' title='bbox 1182 1019 1291 1077; x_wconf 91' lang='lat' dir='ltr'>uitium</span> 
     </span>
     <span class='ocr_line' id='line_1_9' title="bbox 241 1116 1292 1189; baseline -0.003 -12"><span class='ocrx_word' id='word_1_74' title='bbox 241 1117 408 1178; x_wconf 87' lang='lat' dir='ltr'>subodorati</span> <span class='ocrx_word' id='word_1_75' title='bbox 422 1117 523 1177; x_wconf 90' lang='lat' dir='ltr'>sintin</span> <span class='ocrx_word' id='word_1_76' title='bbox 537 1117 591 1178; x_wconf 87' lang='lat' dir='ltr'>illis</span> <span class='ocrx_word' id='word_1_77' title='bbox 605 1117 670 1176; x_wconf 89' lang='lat' dir='ltr'>Hoc</span> <span class='ocrx_word' id='word_1_78' title='bbox 683 1118 763 1177; x_wconf 81' lang='lat' dir='ltr'>babet</span> <span class='ocrx_word' id='word_1_79' title='bbox 773 1118 824 1176; x_wconf 82' lang='lat' dir='ltr'>hoc</span> <span class='ocrx_word' id='word_1_80' title='bbox 836 1118 967 1189; x_wconf 81' lang='lat' dir='ltr'>studium,</span> <span class='ocrx_word' id='word_1_81' title='bbox 981 1116 1039 1176; x_wconf 90' lang='lat' dir='ltr'>huc</span> <span class='ocrx_word' id='word_1_82' title='bbox 1052 1134 1131 1176; x_wconf 90' lang='lat' dir='ltr'>nunc</span> <span class='ocrx_word' id='word_1_83' title='bbox 1150 1117 1292 1176; x_wconf 88' lang='lat' dir='ltr'>reuoluor</span> 
     </span>
     <span class='ocr_line' id='line_1_10' title="bbox 240 1215 1295 1295; baseline -0.002 -21"><span class='ocrx_word' id='word_1_84' title='bbox 240 1227 272 1275; x_wconf 91' lang='lat' dir='ltr'>ut</span> <span class='ocrx_word' id='word_1_85' title='bbox 299 1216 421 1295; x_wconf 82' lang='lat' dir='ltr'>retinere</span> <span class='ocrx_word' id='word_1_86' title='bbox 444 1234 480 1275; x_wconf 87' lang='lat' dir='ltr'>ea</span> <span class='ocrx_word' id='word_1_87' title='bbox 503 1216 603 1274; x_wconf 89' lang='lat' dir='ltr'>malim</span> <span class='ocrx_word' id='word_1_88' title='bbox 628 1234 717 1294; x_wconf 87' lang='lat' dir='ltr'>quam</span> <span class='ocrx_word' id='word_1_89' title='bbox 741 1216 850 1292; x_wconf 91' lang='lat' dir='ltr'>scripto</span> <span class='ocrx_word' id='word_1_90' title='bbox 876 1215 940 1274; x_wconf 86' lang='lat' dir='ltr'>Hoc</span> <span class='ocrx_word' id='word_1_91' title='bbox 966 1221 1036 1289; x_wconf 79' lang='lat' dir='ltr'>auct,</span> <span class='ocrx_word' id='word_1_92' title='bbox 1061 1216 1111 1274; x_wconf 81' lang='lat' dir='ltr'>hoc</span> <span class='ocrx_word' id='word_1_93' title='bbox 1137 1215 1295 1273; x_wconf 82' lang='lat' dir='ltr'>studiumrt</span> 
     </span>
     <span class='ocr_line' id='line_1_11' title="bbox 241 1312 1292 1390; baseline -0.002 -18"><span class='ocrx_word' id='word_1_94' title='bbox 241 1314 429 1373; x_wconf 87' lang='lat' dir='ltr'>iniucundam</span> <span class='ocrx_word' id='word_1_95' title='bbox 464 1323 492 1372; x_wconf 88' lang='lat' dir='ltr'>et</span> <span class='ocrx_word' id='word_1_96' title='bbox 522 1315 716 1390; x_wconf 87' lang='lat' dir='ltr'>inspeciosam</span> <span class='ocrx_word' id='word_1_97' title='bbox 747 1315 984 1373; x_wconf 86' lang='lat' dir='ltr'><strong>consecutionem</strong></span> <span class='ocrx_word' id='word_1_98' title='bbox 1014 1312 1119 1372; x_wconf 88' lang='lat' dir='ltr'>inferre</span> <span class='ocrx_word' id='word_1_99' title='bbox 1154 1313 1292 1371; x_wconf 85' lang='lat' dir='ltr'>orationi.</span> 
     </span>
     <span class='ocr_line' id='line_1_12' title="bbox 242 1409 1293 1489; baseline -0.002 -19"><span class='ocrx_word' id='word_1_100' title='bbox 242 1411 321 1471; x_wconf 91' lang='lat' dir='ltr'>Nam</span> <span class='ocrx_word' id='word_1_101' title='bbox 345 1413 469 1488; x_wconf 79' lang='lat' dir='ltr'>superbis</span> <span class='ocrx_word' id='word_1_102' title='bbox 493 1411 611 1489; x_wconf 90' lang='lat' dir='ltr'>quidem</span> <span class='ocrx_word' id='word_1_103' title='bbox 635 1430 704 1471; x_wconf 90' lang='lat' dir='ltr'>uere</span> <span class='ocrx_word' id='word_1_104' title='bbox 729 1412 865 1470; x_wconf 80' lang='lat' dir='ltr'>traditum</span> <span class='ocrx_word' id='word_1_105' title='bbox 892 1430 955 1471; x_wconf 89' lang='lat' dir='ltr'>esse</span> <span class='ocrx_word' id='word_1_106' title='bbox 978 1429 1148 1489; x_wconf 87' lang='lat' dir='ltr'>persuasum</span> <span class='ocrx_word' id='word_1_107' title='bbox 1171 1409 1293 1469; x_wconf 90' lang='lat' dir='ltr'>habeo:</span> 
     </span>
     <span class='ocr_line' id='line_1_13' title="bbox 242 1507 1292 1587; baseline -0.003 -18"><span class='ocrx_word' id='word_1_108' title='bbox 242 1511 413 1569; x_wconf 88' lang='lat' dir='ltr'>meminerat</span> <span class='ocrx_word' id='word_1_109' title='bbox 426 1510 500 1569; x_wconf 85' lang='lat' dir='ltr'>Aen.</span> <span class='ocrx_word' id='word_1_110' title='bbox 514 1510 569 1568; x_wconf 92' lang='lat' dir='ltr'>viii.</span> <span class='ocrx_word' id='word_1_111' title='bbox 588 1512 644 1584; x_wconf 88' lang='lat'>196</span> <span class='ocrx_word' id='word_1_112' title='bbox 653 1510 824 1587; x_wconf 80' lang='lat' dir='ltr'>foribusque</span> <span class='ocrx_word' id='word_1_113' title='bbox 842 1510 946 1586; x_wconf 84' lang='lat' dir='ltr'>adfixa</span> <span class='ocrx_word' id='word_1_114' title='bbox 965 1509 1090 1586; x_wconf 84' lang='lat' dir='ltr'>superbis</span> <span class='ocrx_word' id='word_1_115' title='bbox 1107 1507 1169 1567; x_wconf 86' lang='lat' dir='ltr'>Ora</span> <span class='ocrx_word' id='word_1_116' title='bbox 1191 1510 1292 1566; x_wconf 83' lang='lat' dir='ltr'>uirum</span> 
     </span>
     <span class='ocr_line' id='line_1_14' title="bbox 242 1606 1293 1685; baseline -0.002 -19"><span class='ocrx_word' id='word_1_117' title='bbox 242 1607 482 1684; x_wconf 69' lang='lat' dir='ltr'>trrrtipendrbant</span> <span class='ocrx_word' id='word_1_118' title='bbox 495 1608 606 1684; x_wconf 84' lang='lat' dir='ltr'>pallida</span> <span class='ocrx_word' id='word_1_119' title='bbox 622 1609 692 1680; x_wconf 84' lang='lat' dir='ltr'>tabo,</span> <span class='ocrx_word' id='word_1_120' title='bbox 706 1608 743 1666; x_wconf 93' lang='lat' dir='ltr'>ib.</span> <span class='ocrx_word' id='word_1_121' title='bbox 760 1623 814 1683; x_wconf 83' lang='lat'>721</span> <span class='ocrx_word' id='word_1_122' title='bbox 832 1606 919 1666; x_wconf 88' lang='lat' dir='ltr'>Dona</span> <span class='ocrx_word' id='word_1_123' title='bbox 940 1609 1108 1685; x_wconf 68' lang='lat' dir='ltr'>recognoscat</span> <span class='ocrx_word' id='word_1_124' title='bbox 1119 1608 1293 1684; x_wconf 81' lang='lat' dir='ltr'>populorum</span> 
     </span>
     <span class='ocr_line' id='line_1_15' title="bbox 242 1705 663 1782; baseline -0.002 -18"><span class='ocrx_word' id='word_1_125' title='bbox 242 1713 371 1782; x_wconf 79' lang='lat' dir='ltr'>aptatque</span> <span class='ocrx_word' id='word_1_126' title='bbox 383 1705 509 1781; x_wconf 69' lang='lat' dir='ltr'>superbzs</span> <span class='ocrx_word' id='word_1_127' title='bbox 522 1706 663 1764; x_wconf 82' lang='lat' dir='ltr'>Postibus.</span> 
     </span>
    </p>
   </div>
   <div class='ocr_carea' id='block_1_3' title="bbox 283 1835 1169 2012">
    <p class='ocr_par' dir='ltr' id='par_1_3' title="bbox 283 1835 1169 2012">
     <span class='ocr_line' id='line_1_16' title="bbox 283 1835 838 1908; baseline -0.004 -12"><span class='ocrx_word' id='word_1_128' title='bbox 283 1835 336 1896; x_wconf 79' lang='lat' dir='ltr'>IV,</span> <span class='ocrx_word' id='word_1_129' title='bbox 354 1853 420 1908; x_wconf 85' lang='lat'>200,</span> <span class='ocrx_word' id='word_1_130' title='bbox 437 1855 491 1896; x_wconf 85' lang='lat'>201</span> <span class='ocrx_word' id='word_1_131' title='bbox 509 1837 550 1896; x_wconf 91' lang='lat' dir='ltr'>sic</span> <span class='ocrx_word' id='word_1_132' title='bbox 564 1846 663 1896; x_wconf 89' lang='lat' dir='ltr'>extant</span> <span class='ocrx_word' id='word_1_133' title='bbox 678 1837 707 1894; x_wconf 93' lang='lat' dir='ltr'>in</span> <span class='ocrx_word' id='word_1_134' title='bbox 721 1835 838 1896; x_wconf 88' lang='lat' dir='ltr'>Gembl.</span> 
     </span>
     <span class='ocr_line' id='line_1_17' title="bbox 365 1933 1169 2012; baseline 0.005 -21"><span class='ocrx_word' id='word_1_135' title='bbox 365 1933 402 1991; x_wconf 93' lang='lat' dir='ltr'>ln</span> <span class='ocrx_word' id='word_1_136' title='bbox 422 1934 494 1993; x_wconf 91' lang='lat' dir='ltr'>uitio</span> <span class='ocrx_word' id='word_1_137' title='bbox 514 1935 611 1994; x_wconf 92' lang='lat' dir='ltr'>bonus</span> <span class='ocrx_word' id='word_1_138' title='bbox 632 1945 663 1993; x_wconf 91' lang='lat' dir='ltr'>ut</span> <span class='ocrx_word' id='word_1_139' title='bbox 682 1944 797 1994; x_wconf 86' lang='lat' dir='ltr'>teneros</span> <span class='ocrx_word' id='word_1_140' title='bbox 818 1934 913 2012; x_wconf 90' lang='lat' dir='ltr'>pudor</span> <span class='ocrx_word' id='word_1_141' title='bbox 934 1936 1054 2012; x_wconf 88' lang='lat' dir='ltr'>impedit</span> <span class='ocrx_word' id='word_1_142' title='bbox 1075 1953 1169 1995; x_wconf 90' lang='lat' dir='ltr'>annos</span> 
     </span>
    </p>
   </div>
   <div class='ocr_carea' id='block_1_4' title="bbox 365 2030 1125 2109">
    <p class='ocr_par' dir='ltr' id='par_1_4' title="bbox 365 2030 1125 2109">
     <span class='ocr_line' id='line_1_18' title="bbox 365 2030 1125 2109; baseline 0.004 -20"><span class='ocrx_word' id='word_1_143' title='bbox 365 2030 534 2109; x_wconf 89' lang='lat' dir='ltr'>Magnaque</span> <span class='ocrx_word' id='word_1_144' title='bbox 556 2042 674 2092; x_wconf 86' lang='lat' dir='ltr'>naturae</span> <span class='ocrx_word' id='word_1_145' title='bbox 696 2032 860 2093; x_wconf 91' lang='lat' dir='ltr'>cohibendo</span> <span class='ocrx_word' id='word_1_146' title='bbox 881 2052 1003 2093; x_wconf 89' lang='lat' dir='ltr'>munera</span> <span class='ocrx_word' id='word_1_147' title='bbox 1024 2033 1125 2092; x_wconf 87' lang='lat' dir='ltr'>frenat.</span> 
     </span>
    </p>
   </div>
   <div class='ocr_carea' id='block_1_5' title="bbox 243 2145 1293 2272">
    <p class='ocr_par' dir='ltr' id='par_1_5' title="bbox 243 2145 1293 2272">
     <span class='ocr_line' id='line_1_19' title="bbox 243 2145 1293 2272; baseline 0.001 -16"><span class='ocrx_word' id='word_1_148' title='bbox 243 2199 340 2256; x_wconf 92' lang='lat' dir='ltr'>bonus</span> <span class='ocrx_word' id='word_1_149' title='bbox 352 2205 383 2254; x_wconf 93' lang='lat' dir='ltr'>ut</span> <span class='ocrx_word' id='word_1_150' title='bbox 399 2194 467 2256; x_wconf 80' lang='lat' dir='ltr'>Cur.</span> <span class='ocrx_word' id='word_1_151' title='bbox 481 2145 574 2268; x_wconf 53' lang='lat' dir='ltr'>bongs</span> <span class='ocrx_word' id='word_1_152' title='bbox 588 2204 620 2253; x_wconf 91' lang='lat' dir='ltr'>ut</span> <span class='ocrx_word' id='word_1_153' title='bbox 633 2196 712 2272; x_wconf 77' lang='lat' dir='ltr'>Lips.</span> <span class='ocrx_word' id='word_1_154' title='bbox 727 2196 821 2254; x_wconf 89' lang='lat' dir='ltr'>bonas</span> <span class='ocrx_word' id='word_1_155' title='bbox 835 2206 867 2255; x_wconf 93' lang='lat' dir='ltr'>ut</span> <span class='ocrx_word' id='word_1_156' title='bbox 888 2195 982 2268; x_wconf 69' lang='lat' dir='ltr'>Vosst,</span> <span class='ocrx_word' id='word_1_157' title='bbox 997 2217 1052 2255; x_wconf 85' lang='lat' dir='ltr'>non</span> <span class='ocrx_word' id='word_1_158' title='bbox 1066 2199 1161 2257; x_wconf 87' lang='lat' dir='ltr'>bonas</span> <span class='ocrx_word' id='word_1_159' title='bbox 1175 2197 1217 2258; x_wconf 90' lang='lat' dir='ltr'>in.</span> <span class='ocrx_word' id='word_1_160' title='bbox 1254 2198 1293 2257; x_wconf 88' lang='lat' dir='ltr'>In</span> 
     </span>
    </p>
   </div>
   <div class='ocr_carea' id='block_1_6' title="bbox 244 2291 1295 3661">
    <p class='ocr_par' dir='ltr' id='par_1_6' title="bbox 244 2291 1113 2369">
     <span class='ocr_line' id='line_1_20' title="bbox 244 2291 1113 2369; baseline 0.005 -17"><span class='ocrx_word' id='word_1_161' title='bbox 244 2294 315 2353; x_wconf 90' lang='lat' dir='ltr'>uitio</span> <span class='ocrx_word' id='word_1_162' title='bbox 328 2295 440 2352; x_wconf 90' lang='lat' dir='ltr'>bonus:</span> <span class='ocrx_word' id='word_1_163' title='bbox 461 2303 491 2352; x_wconf 88' lang='lat' dir='ltr'>at</span> <span class='ocrx_word' id='word_1_164' title='bbox 507 2291 637 2369; x_wconf 81' lang='lat' dir='ltr'>Scaliger</span> <span class='ocrx_word' id='word_1_165' title='bbox 651 2294 774 2369; x_wconf 89' lang='lat' dir='ltr'>Ingenio</span> <span class='ocrx_word' id='word_1_166' title='bbox 789 2294 900 2353; x_wconf 92' lang='lat' dir='ltr'>bonus:</span> <span class='ocrx_word' id='word_1_167' title='bbox 923 2304 952 2352; x_wconf 88' lang='lat' dir='ltr'>at</span> <span class='ocrx_word' id='word_1_168' title='bbox 962 2294 1113 2356; x_wconf 80' lang='lat' dir='ltr'>Bentleius.</span> 
     </span>
    </p>

    <p class='ocr_par' dir='ltr' id='par_1_7' title="bbox 244 2391 1295 2649">
     <span class='ocr_line' id='line_1_21' title="bbox 285 2391 1294 2469; baseline 0.003 -20"><span class='ocrx_word' id='word_1_169' title='bbox 285 2391 447 2467; x_wconf 86' lang='lat' dir='ltr'>Descripsit</span> <span class='ocrx_word' id='word_1_170' title='bbox 461 2402 546 2450; x_wconf 87' lang='lat' dir='ltr'>natos</span> <span class='ocrx_word' id='word_1_171' title='bbox 557 2393 611 2449; x_wconf 94' lang='lat' dir='ltr'>sub</span> <span class='ocrx_word' id='word_1_172' title='bbox 619 2391 740 2469; x_wconf 89' lang='lat' dir='ltr'>Virgine</span> <span class='ocrx_word' id='word_1_173' title='bbox 755 2395 909 2466; x_wconf 90' lang='lat'>189-199:</span> <span class='ocrx_word' id='word_1_174' title='bbox 931 2402 993 2450; x_wconf 89' lang='lat' dir='ltr'>turn</span> <span class='ocrx_word' id='word_1_175' title='bbox 1007 2392 1134 2452; x_wconf 90' lang='lat' dir='ltr'>adnectit</span> <span class='ocrx_word' id='word_1_176' title='bbox 1147 2411 1223 2469; x_wconf 87' lang='lat' dir='ltr'>quae</span> <span class='ocrx_word' id='word_1_177' title='bbox 1237 2393 1294 2453; x_wconf 85' lang='lat' dir='ltr'>has</span> 
     </span>
     <span class='ocr_line' id='line_1_22' title="bbox 245 2488 1295 2569; baseline 0.001 -20"><span class='ocrx_word' id='word_1_178' title='bbox 245 2490 327 2549; x_wconf 91' lang='lat' dir='ltr'>dotes</span> <span class='ocrx_word' id='word_1_179' title='bbox 347 2499 529 2567; x_wconf 87' lang='lat' dir='ltr'>conpensant</span> <span class='ocrx_word' id='word_1_180' title='bbox 547 2488 625 2563; x_wconf 88' lang='lat' dir='ltr'>uitia,</span> <span class='ocrx_word' id='word_1_181' title='bbox 640 2491 782 2567; x_wconf 88' lang='lat' dir='ltr'>pudorem</span> <span class='ocrx_word' id='word_1_182' title='bbox 801 2490 941 2569; x_wconf 89' lang='lat' dir='ltr'>inprimis.</span> <span class='ocrx_word' id='word_1_183' title='bbox 982 2490 1085 2569; x_wconf 90' lang='lat' dir='ltr'>ltaque</span> <span class='ocrx_word' id='word_1_184' title='bbox 1106 2492 1295 2551; x_wconf 87' lang='lat' dir='ltr'>scribendum</span> 
     </span>
     <span class='ocr_line' id='line_1_23' title="bbox 244 2597 1149 2649; baseline -0.004 0"><span class='ocrx_word' id='word_1_185' title='bbox 244 2597 305 2649; x_wconf 86' lang='lat' dir='ltr'>erat</span> <span class='ocrx_word' id='word_1_186' title='bbox 1147 2641 1149 2645; x_wconf 89' lang='lat'><em>.</em></span> 
     </span>
    </p>

    <p class='ocr_par' dir='ltr' id='par_1_8' title="bbox 246 2683 1295 3152">
     <span class='ocr_line' id='line_1_24' title="bbox 367 2683 1294 2765; baseline 0.002 -21"><span class='ocrx_word' id='word_1_187' title='bbox 367 2686 404 2744; x_wconf 89' lang='lat' dir='ltr'>In</span> <span class='ocrx_word' id='word_1_188' title='bbox 422 2685 492 2745; x_wconf 90' lang='lat' dir='ltr'>uitio</span> <span class='ocrx_word' id='word_1_189' title='bbox 512 2686 592 2745; x_wconf 89' lang='lat' dir='ltr'>bona</span> <span class='ocrx_word' id='word_1_190' title='bbox 613 2695 680 2744; x_wconf 92' lang='lat' dir='ltr'>sunt</span> <span class='ocrx_word' id='word_1_191' title='bbox 698 2683 786 2765; x_wconf 70' lang='lat' dir='ltr'>(sirtlz</span> <span class='ocrx_word' id='word_1_192' title='bbox 807 2695 921 2746; x_wconf 90' lang='lat' dir='ltr'>teneros</span> <span class='ocrx_word' id='word_1_193' title='bbox 938 2686 1034 2764; x_wconf 91' lang='lat' dir='ltr'>pudor</span> <span class='ocrx_word' id='word_1_194' title='bbox 1050 2686 1170 2764; x_wconf 89' lang='lat' dir='ltr'>impedit</span> <span class='ocrx_word' id='word_1_195' title='bbox 1186 2706 1294 2760; x_wconf 87' lang='lat' dir='ltr'>annos,</span> 
     </span>
     <span class='ocr_line' id='line_1_25' title="bbox 246 2782 1294 2862; baseline -0.001 -17"><span class='ocrx_word' id='word_1_196' title='bbox 246 2785 275 2845; x_wconf 91' lang='lat' dir='ltr'>h.</span> <span class='ocrx_word' id='word_1_197' title='bbox 285 2802 310 2843; x_wconf 91' lang='lat' dir='ltr'>e.</span> <span class='ocrx_word' id='word_1_198' title='bbox 327 2783 380 2843; x_wconf 93' lang='lat' dir='ltr'>sed</span> <span class='ocrx_word' id='word_1_199' title='bbox 396 2782 501 2842; x_wconf 91' lang='lat' dir='ltr'>horum</span> <span class='ocrx_word' id='word_1_200' title='bbox 522 2784 553 2842; x_wconf 92' lang='lat' dir='ltr'>in</span> <span class='ocrx_word' id='word_1_201' title='bbox 572 2784 722 2843; x_wconf 90' lang='lat' dir='ltr'>uirtutibus</span> <span class='ocrx_word' id='word_1_202' title='bbox 742 2785 816 2844; x_wconf 90' lang='lat' dir='ltr'>inest</span> <span class='ocrx_word' id='word_1_203' title='bbox 838 2784 917 2860; x_wconf 92' lang='lat' dir='ltr'>quod</span> <span class='ocrx_word' id='word_1_204' title='bbox 935 2785 1008 2844; x_wconf 93' lang='lat' dir='ltr'>uitio</span> <span class='ocrx_word' id='word_1_205' title='bbox 1027 2785 1169 2862; x_wconf 87' lang='lat' dir='ltr'>imputes3</span> <span class='ocrx_word' id='word_1_206' title='bbox 1196 2786 1294 2844; x_wconf 92' lang='lat' dir='ltr'>solent</span> 
     </span>
     <span class='ocr_line' id='line_1_26' title="bbox 246 2881 1295 2959; baseline 0.001 -17"><span class='ocrx_word' id='word_1_207' title='bbox 246 2901 311 2942; x_wconf 88' lang='lat' dir='ltr'>esse</span> <span class='ocrx_word' id='word_1_208' title='bbox 335 2881 516 2958; x_wconf 82' lang='lat' dir='ltr'>pudibundi3</span> <span class='ocrx_word' id='word_1_209' title='bbox 551 2881 608 2941; x_wconf 90' lang='lat' dir='ltr'>hoc</span> <span class='ocrx_word' id='word_1_210' title='bbox 633 2882 792 2959; x_wconf 88' lang='lat' dir='ltr'>proborum</span> <span class='ocrx_word' id='word_1_211' title='bbox 815 2882 940 2959; x_wconf 55' lang='lat' dir='ltr'>quidem&lt;</span> <span class='ocrx_word' id='word_1_212' title='bbox 958 2892 1010 2955; x_wconf 91' lang='lat' dir='ltr'>est,</span> <span class='ocrx_word' id='word_1_213' title='bbox 1031 2894 1117 2943; x_wconf 90' lang='lat' dir='ltr'>nocet</span> <span class='ocrx_word' id='word_1_214' title='bbox 1141 2894 1240 2943; x_wconf 81' lang='lat' dir='ltr'>tamen</span> <span class='ocrx_word' id='word_1_215' title='bbox 1264 2894 1295 2943; x_wconf 92' lang='lat' dir='ltr'>et</span> 
     </span>
     <span class='ocr_line' id='line_1_27' title="bbox 246 2979 1294 3059; baseline 0.002 -22"><span class='ocrx_word' id='word_1_216' title='bbox 246 2979 454 3056; x_wconf 89' lang='lat' dir='ltr'>impedimento</span> <span class='ocrx_word' id='word_1_217' title='bbox 479 2990 523 3039; x_wconf 91' lang='lat' dir='ltr'>est</span> <span class='ocrx_word' id='word_1_218' title='bbox 550 2981 706 3039; x_wconf 88' lang='lat' dir='ltr'>utentibus.</span> <span class='ocrx_word' id='word_1_219' title='bbox 759 2980 822 3053; x_wconf 89' lang='lat' dir='ltr'>Est,</span> <span class='ocrx_word' id='word_1_220' title='bbox 843 2990 875 3039; x_wconf 95' lang='lat' dir='ltr'>ut</span> <span class='ocrx_word' id='word_1_221' title='bbox 899 2999 967 3041; x_wconf 88' lang='lat' dir='ltr'>uere</span> <span class='ocrx_word' id='word_1_222' title='bbox 992 2981 1131 3041; x_wconf 84' lang='lat' dir='ltr'>intellexit</span> <span class='ocrx_word' id='word_1_223' title='bbox 1156 2981 1294 3059; x_wconf 86' lang='lat' dir='ltr'>Scaliger,</span> 
     </span>
     <span class='ocr_line' id='line_1_28' title="bbox 247 3079 387 3152; baseline 0.021 -17"><span class='ocrx_word' id='word_1_224' title='bbox 247 3079 387 3152; x_wconf 71' lang='grc' dir='ltr'>ὄξύμωρον.</span> 
     </span>
    </p>

    <p class='ocr_par' dir='ltr' id='par_1_9' title="bbox 248 3174 1295 3544">
     <span class='ocr_line' id='line_1_29' title="bbox 288 3174 1294 3257; baseline 0.004 -23"><span class='ocrx_word' id='word_1_225' title='bbox 288 3176 401 3234; x_wconf 90' lang='lat' dir='ltr'>Locum</span> <span class='ocrx_word' id='word_1_226' title='bbox 426 3174 573 3236; x_wconf 86' lang='lat' dir='ltr'>Bentleius</span> <span class='ocrx_word' id='word_1_227' title='bbox 600 3177 732 3237; x_wconf 90' lang='lat' dir='ltr'>tractauit</span> <span class='ocrx_word' id='word_1_228' title='bbox 759 3175 961 3236; x_wconf 88' lang='lat' dir='ltr'>infelicissime.</span> <span class='ocrx_word' id='word_1_229' title='bbox 1005 3177 1085 3251; x_wconf 89' lang='lat' dir='ltr'>Quid</span> <span class='ocrx_word' id='word_1_230' title='bbox 1112 3178 1151 3237; x_wconf 90' lang='lat' dir='ltr'>ad</span> <span class='ocrx_word' id='word_1_231' title='bbox 1175 3179 1294 3257; x_wconf 87' lang='lat' dir='ltr'>palaeo-</span> 
     </span>
     <span class='ocr_line' id='line_1_30' title="bbox 248 3273 1295 3354; baseline 0.004 -21"><span class='ocrx_word' id='word_1_232' title='bbox 248 3274 398 3352; x_wconf 83' lang='lat' dir='ltr'>graphiam</span> <span class='ocrx_word' id='word_1_233' title='bbox 426 3275 557 3334; x_wconf 90' lang='lat' dir='ltr'>uitiosius</span> <span class='ocrx_word' id='word_1_234' title='bbox 583 3275 632 3335; x_wconf 91' lang='lat' dir='ltr'>illo</span> <span class='ocrx_word' id='word_1_235' title='bbox 655 3273 772 3351; x_wconf 83' lang='lat' dir='ltr'>Ingenio</span> <span class='ocrx_word' id='word_1_236' title='bbox 796 3276 901 3333; x_wconf 84' lang='lat' dir='ltr'>bonus:</span> <span class='ocrx_word' id='word_1_237' title='bbox 931 3280 985 3334; x_wconf 71' lang='lat' dir='ltr'>at?</span> <span class='ocrx_word' id='word_1_238' title='bbox 1025 3275 1104 3348; x_wconf 92' lang='lat' dir='ltr'>Quid</span> <span class='ocrx_word' id='word_1_239' title='bbox 1128 3278 1295 3354; x_wconf 84' lang='lat' dir='ltr'>peruersius</span> 
     </span>
     <span class='ocr_line' id='line_1_31' title="bbox 248 3372 1295 3451; baseline 0.006 -21"><span class='ocrx_word' id='word_1_240' title='bbox 248 3391 337 3449; x_wconf 89' lang='lat' dir='ltr'>quam</span> <span class='ocrx_word' id='word_1_241' title='bbox 360 3372 389 3431; x_wconf 93' lang='lat' dir='ltr'>id</span> <span class='ocrx_word' id='word_1_242' title='bbox 410 3391 516 3449; x_wconf 86' lang='lat' dir='ltr'>negare</span> <span class='ocrx_word' id='word_1_243' title='bbox 538 3375 618 3451; x_wconf 90' lang='lat' dir='ltr'>quod</span> <span class='ocrx_word' id='word_1_244' title='bbox 641 3373 796 3433; x_wconf 88' lang='lat' dir='ltr'>rectissime</span> <span class='ocrx_word' id='word_1_245' title='bbox 818 3372 946 3450; x_wconf 87' lang='lat' dir='ltr'>Scaliger</span> <span class='ocrx_word' id='word_1_246' title='bbox 968 3374 1151 3449; x_wconf 81' lang='lat' dir='ltr'>intellexerat,</span> <span class='ocrx_word' id='word_1_247' title='bbox 1172 3377 1295 3436; x_wconf 88' lang='lat' dir='ltr'>subesse</span> 
     </span>
     <span class='ocr_line' id='line_1_32' title="bbox 248 3470 531 3544; baseline 0.007 -16"><span class='ocrx_word' id='word_1_248' title='bbox 248 3471 344 3531; x_wconf 81' lang='lat' dir='ltr'>uerbis</span> <span class='ocrx_word' id='word_1_249' title='bbox 362 3470 531 3544; x_wconf 66' lang='grc' dir='ltr'><em>ὄξῦμωρονῖ,</em></span> 
     </span>
    </p>

    <p class='ocr_par' dir='ltr' id='par_1_10' title="bbox 289 3586 810 3661">
     <span class='ocr_line' id='line_1_33' title="bbox 289 3586 810 3661; baseline -0.002 -16"><span class='ocrx_word' id='word_1_250' title='bbox 289 3586 342 3645; x_wconf 91' lang='lat' dir='ltr'>lV.</span> <span class='ocrx_word' id='word_1_251' title='bbox 360 3606 427 3661; x_wconf 82' lang='lat'><strong>213,</strong></span> <span class='ocrx_word' id='word_1_252' title='bbox 444 3606 500 3659; x_wconf 84' lang='lat'>214</span> <span class='ocrx_word' id='word_1_253' title='bbox 516 3587 556 3646; x_wconf 90' lang='lat' dir='ltr'>sic</span> <span class='ocrx_word' id='word_1_254' title='bbox 572 3587 681 3646; x_wconf 89' lang='lat' dir='ltr'>suntin</span> <span class='ocrx_word' id='word_1_255' title='bbox 696 3586 810 3646; x_wconf 88' lang='lat' dir='ltr'>Gembl.</span> 
     </span>
    </p>
   </div>
   <div class='ocr_carea' id='block_1_7' title="bbox 373 3684 1072 3764">
    <p class='ocr_par' dir='ltr' id='par_1_11' title="bbox 373 3684 1072 3764">
     <span class='ocr_line' id='line_1_34' title="bbox 373 3684 1072 3764; baseline 0.003 -21"><span class='ocrx_word' id='word_1_256' title='bbox 373 3684 443 3744; x_wconf 92' lang='lat' dir='ltr'>Non</span> <span class='ocrx_word' id='word_1_257' title='bbox 464 3686 522 3745; x_wconf 90' lang='lat' dir='ltr'>alio</span> <span class='ocrx_word' id='word_1_258' title='bbox 543 3687 637 3764; x_wconf 89' lang='lat' dir='ltr'>potius</span> <span class='ocrx_word' id='word_1_259' title='bbox 657 3687 770 3762; x_wconf 88' lang='lat' dir='ltr'>genitus</span> <span class='ocrx_word' id='word_1_260' title='bbox 791 3687 827 3745; x_wconf 91' lang='lat' dir='ltr'>sit</span> <span class='ocrx_word' id='word_1_261' title='bbox 849 3685 966 3745; x_wconf 89' lang='lat' dir='ltr'>Seruius</span> <span class='ocrx_word' id='word_1_262' title='bbox 987 3699 1072 3760; x_wconf 87' lang='lat' dir='ltr'>astro,</span> 
     </span>
    </p>
   </div>
   <div class='ocr_carea' id='block_1_8' title="bbox 373 3784 1065 3929">
    <p class='ocr_par' dir='ltr' id='par_1_12' title="bbox 373 3784 1065 3929">
     <span class='ocr_line' id='line_1_35' title="bbox 373 3784 1065 3929; baseline 0.001 -21"><span class='ocrx_word' id='word_1_263' title='bbox 373 3849 432 3922; x_wconf 84' lang='lat' dir='ltr'>Qui</span> <span class='ocrx_word' id='word_1_264' title='bbox 453 3851 531 3927; x_wconf 91' lang='lat' dir='ltr'>leges</span> <span class='ocrx_word' id='word_1_265' title='bbox 553 3851 648 3929; x_wconf 90' lang='lat' dir='ltr'>potius</span> <span class='ocrx_word' id='word_1_266' title='bbox 670 3784 936 3928; x_wconf 48' lang='lat' dir='ltr'>posupelcgrgmima</span> <span class='ocrx_word' id='word_1_267' title='bbox 957 3853 1065 3911; x_wconf 86' lang='lat' dir='ltr'>retexit.</span> 
     </span>
    </p>
   </div>
   <div class='ocr_carea' id='block_1_9' title="bbox 0 0 1400 4448">
    <p class='ocr_par' dir='ltr' id='par_1_13' title="bbox 0 0 1400 4448">
     <span class='ocr_line' id='line_1_36' title="bbox 0 0 1400 4448; baseline 0 0"><span class='ocrx_word' id='word_1_268' title='bbox 0 0 1400 4448; x_wconf 95' lang='lat' dir='ltr'> </span> 
     </span>
    </p>
   </div>
  </div>
 </body>
</html>
