2760 4448
456 289 512 341 'AD
534 289 689 339 ARATEA
716 288 936 360 GERMANlcr
1157 293 1219 361 239

213 455 271 515 505
497 450 637 500 crateram
658 440 755 500 leuem
776 439 914 518 coruique
936 437 1080 504 †ferentis

293 538 410 610 Vltima,

157 637 283 713 serentis
297 639 344 695 uel
358 637 495 712 querentis
505 636 585 696 MSS
597 653 604 696 :
615 636 750 712 serentis
762 634 844 714 Frey‚
855 637 966 714 optime
976 637 1014 696 ad
1025 638 1218 710 sententiam3

168 736 222 794 sed
242 736 320 795 idern
340 736 460 812 propius
480 735 518 795 ad
539 736 698 795 litterarum
719 735 822 794 ductus
843 735 1051 811 significabitur
1068 736 1091 794 si
1107 738 1218 795 terentis

168 835 324 911 scripseris.
363 834 543 911 Fingebatur
560 834 664 910 Hydra
679 834 823 893 sustinens
837 833 868 891 in
882 833 970 894 dorso
985 853 1108 894 coruum
1122 846 1218 895 rostro

168 951 276 1009 corpus
290 933 352 992 eius
367 933 538 991 tundentem
553 930 678 1011 (Hygin.
693 932 725 991 P.
736 931 772 990 A.
787 931 824 989 iii.
841 928 901 1010 39).

211 1045 270 1108 543
293 1031 338 1091 Te
353 1049 479 1108 quoque,
493 1030 649 1091 fecundam
668 1039 790 1090 meteret
808 1048 877 1089 cum
896 1031 1061 1093 comminus
1080 1031 1216 1110 Hydram

290 1131 416 1203 Alcides,
439 1149 542 1191 ausum
563 1149 665 1189 morsu
686 1131 855 1206 contingere
876 1130 983 1192 †bell0

293 1228 391 1289 Sidere
413 1229 541 1300 donauit,
563 1228 687 1302 Cancer,
712 1228 844 1288 Saturnia
864 1229 950 1288 Iuno.

210 1327 290 1388 Male
306 1328 429 1388 Orellius
450 1329 516 1387 bello
536 1328 566 1386 in
587 1329 677 1389 chelae
697 1329 837 1399 mutabat,
851 1327 955 1388 melius
976 1327 1007 1385 in
1028 1329 1084 1387 talo
1103 1329 1215 1390 amicus

167 1426 287 1487 Orellii:
309 1429 380 1487 talos
393 1438 491 1486 tamen
506 1427 699 1504 praetulerim.

208 1524 255 1583 An
267 1535 346 1584 recte
357 1525 492 1585 traditum
503 1536 547 1584 est
557 1525 623 1584 bello
633 1527 748 1584 redere?
761 1523 845 1603 quasi
856 1527 1057 1600 ὑποκοριστικῶς
1067 1524 1215 1586 Cancrum

166 1624 379 1702 adloqueretur.
407 1622 522 1683 Cancer
532 1624 611 1682 enirn
626 1641 693 1683 cum
707 1642 769 1682 non
780 1623 888 1682 bellum
903 1623 1011 1682 animal
1025 1623 1077 1684 sed
1090 1625 1215 1685 informe

166 1734 195 1782 et
215 1742 307 1800 paene
325 1722 476 1781 ridiculum
491 1723 535 1795 sit,
551 1740 612 1781 non
627 1723 688 1781 sine
704 1723 796 1783 ironia
811 1723 938 1800 quadam
957 1723 1058 1782 dicitur
1072 1724 1102 1782 in
1121 1723 1215 1783 sidere

166 1823 268 1882 saltem
283 1822 527 1905 pulchritudinem
542 1830 716 1881 consecutus
730 1839 801 1880 esse.

208 1923 265 1996 613
287 1919 451 1997 Delphinus
472 1922 549 1979 notis
570 1920 628 1979 iam
650 1929 713 1979 tum
734 1919 881 1980 deflexerit
902 1920 997 1992 undis,
1108 1981 1109 1984 ,

287 2020 326 2077 Et
347 2019 407 2096 lyra
428 2019 512 2078 dulce
535 2036 653 2089 sonans,
676 2028 704 2077 et
725 2018 851 2078 flammis
872 2019 966 2078 cincta
988 2020 1100 2096 sagitta,

285 2117 324 2175 Et
344 2118 447 2175 niueos
469 2134 579 2193 cygnus
600 2117 759 2192 properarit
780 2127 899 2193 tangere
920 2116 1033 2188 fluctus,

286 2207 417 2293 Vtraque
438 2234 536 2291 penna
556 2214 679 2288 uolans3
716 2215 841 2275 caudam
862 2215 912 2274 uix
933 2215 1009 2274 lucet
1030 2215 1068 2274 ad
1089 2216 1191 2294 ipsam.

164 2315 272 2392 Aperte
312 2315 353 2374 sic
391 2313 612 2390 distinguendus
650 2322 711 2373 erat
749 2332 778 2373 u.
816 2315 884 2372 616.
936 2312 1097 2385 Quomodo
1132 2317 1212 2375 enim

164 2433 279 2492 pennae
303 2421 438 2473 extentae
459 2413 571 2489 possint
592 2412 688 2470 lucere
710 2412 740 2469 in
761 2413 940 2470 extremitate
962 2413 1115 2472 caudae?
1136 2433 1212 2491 quae

163 2514 274 2572 uolanti
303 2530 399 2590 cygno
428 2512 572 2570 diuersam
603 2520 717 2588 partem
744 2511 874 2587 corporis
902 2511 1022 2570 obtinet.
1068 2511 1109 2570 At
1136 2514 1212 2572 bene

164 2612 269 2692 dicitur·
290 2629 403 2688 cygnus
426 2628 584 2687 properare
606 2619 727 2687 utraque
752 2627 851 2684 penna
876 2609 938 2668 sine
965 2609 1011 2667 ala
1037 2610 1156 2669 uolente
1183 2622 1212 2671 et

162 2713 193 2769 in
207 2710 337 2768 uolatum
352 2709 436 2769 data:
460 2708 517 2768 hoc
534 2709 575 2767 sic
594 2707 757 2767 enuntiauit
772 2706 967 2766 Germanicus
981 2717 1013 2765 ut
1028 2709 1211 2769 nominatiuo

165 2809 282 2886 Cygnus
296 2808 418 2867 alterum
432 2807 648 2866 nominatiuum
666 2815 760 2881 penna
773 2805 952 2882 adponeret:
974 2805 1111 2865 nimirum
1125 2809 1213 2868 totius

162 2908 283 2968 subiecti
297 2927 401 2982 cygnus
418 2924 487 2983 pars
501 2913 545 2964 est
558 2915 663 2981 penna.

205 3009 262 3082 632
804 3020 872 3061 cum
894 3001 1032 3079 Scorpius
1053 3003 1112 3062 exlt

284 3104 349 3162 Iam
369 3103 437 3162 totis
454 3101 546 3160 radiat
564 3101 702 3159 membris
716 3101 880 3160 miserabile
896 3101 975 3160 sidus
990 3099 1199 3182 (Engonasin.)

283 3202 323 3261 At
343 3220 411 3261 cum
432 3209 546 3260 tantum
567 3200 645 3270 abiit,
668 3208 809 3276 quantum
830 3199 908 3276 Lyra
929 3201 1019 3276 surgit
1040 3202 1077 3259 ab
1098 3201 1194 3275 undis,

203 3306 262 3378 635
285 3301 390 3376 iArgo
412 3300 485 3376 sipia
505 3317 558 3358 suo
580 3297 662 3358 caelo
682 3297 820 3356 referetur
841 3299 942 3375 imago

284 3389 459 3477 Imperfecta
480 3397 554 3456 redit
575 3397 657 3456 caelo
678 3407 740 3455 tum
761 3405 822 3455 tota
843 3414 953 3456 corona

282 3499 320 3557 Et
341 3498 452 3557 Chiron
473 3497 538 3574 pius
559 3496 597 3555 ad
618 3496 743 3555 caudam
764 3496 951 3571 cognoscitur
972 3496 1070 3556 imam.

201 3599 280 3658 Arat.
296 3601 355 3656 620

282 3700 366 3755 Αὐτὸς
385 3696 408 3751 δ’
429 3697 456 3782 e’c
475 3696 590 3768 κεφαλὴν
610 3695 647 3750 ἔτι
667 3718 718 3751 που
734 3694 905 3768 τετραμμένος
924 3693 993 3763 ἄλλῃ

282 3799 406 3868 Σκορπίον
426 3795 584 3850 ἀντελλοντα
597 3793 666 3865 με’νει
682 3795 723 3848 καὶ
743 3792 839 3867 ῥύτορα
858 3793 948 3861 Τόξου.

283 3897 315 3949 Oi
335 3894 385 3968 γάρ
405 3917 448 3965 μιν
468 3895 618 3966 φορέουσιν,
640 3895 655 3946 ὁ
674 3892 721 3964 μὲν
741 3892 822 3963 μέσον
843 3891 911 3945 ἄλλα
931 3913 960 3944 τε
982 3890 1072 3961 πάντα,
