2760 4448
258 283 320 348 130
574 276 722 327 NOCTES
742 275 992 325 MANILIANAE

258 433 351 494 Miror
364 435 511 494 neminem
526 436 685 495 correxisse
699 436 784 512 segni.
827 433 945 493 Gemini
967 433 1045 493 enirn
1067 448 1159 492 unum
1181 431 1308 508 signum,

257 551 318 591 non
333 532 448 609 duplex,
462 533 597 592 efficiunt.

299 631 352 690 IV.
368 635 504 705 459-461
524 632 564 689 sic
579 632 672 690 traditi
687 632 798 690 suntin
814 630 930 690 Gembl.

380 729 444 788 Nec
466 730 564 788 cancri
585 731 680 806 prima
695 730 832 787 immunis
853 747 907 786 nec
929 729 1012 786 tertia
1032 745 1099 804 pars
1120 736 1166 785 est

382 828 445 886 Nec
467 839 549 886 sexta
570 838 690 886 octauae
712 827 812 886 similis
834 826 1033 903 decumaeque
1054 835 1173 902 peracta

381 925 479 984 Prima
500 927 573 1002 rapit
595 946 649 984 nec
670 936 711 983 ter
733 926 837 1002 quinae
859 924 1028 982 clementior
1047 942 1126 995 usus.

300 1027 359 1097 460
374 1042 561 1099 secumseque
585 1024 671 1082 Voss.²
713 1026 768 1096 461
786 1024 902 1100 quintae
921 1022 1058 1080 Vesse'eui.

258 1120 404 1181 Bentleius
419 1141 467 1180 uu.
483 1125 551 1193 460,
568 1125 623 1194 461
642 1122 682 1180 sic
697 1121 811 1180 refinxit

380 1219 445 1279 Nec
466 1235 564 1290 sexta3
594 1230 699 1278 octaua
719 1229 762 1277 est
785 1219 892 1290 similis,
916 1219 1097 1295 decumaque
1118 1225 1241 1294 peracta

293 1359 296 1366 .
381 1313 478 1371 Prima
498 1315 580 1371 rabit.

299 1411 416 1470 Incerta
436 1410 518 1484 haec,
540 1430 578 1470 ne
599 1412 694 1471 dicam
718 1410 901 1470 abhorrentia
922 1428 1002 1469 uero,
1043 1409 1186 1488 Displicet
1201 1412 1313 1472 incisus

258 1510 427 1570 hexameter
454 1520 522 1586 post
549 1510 676 1586 primum
704 1510 887 1586 spondeum;
917 1509 1021 1568 deinde
1046 1527 1106 1568 non
1133 1520 1178 1569 est
1200 1520 1313 1571 temere

258 1607 421 1668 reiciendus
445 1609 621 1684 decumaeque
645 1608 789 1684 genitiuus
811 1606 864 1685 (sic
889 1625 958 1666 cum
981 1606 1189 1667 Gemblacensi
1214 1610 1312 1680 ceteri,

258 1722 355 1781 neque
370 1704 449 1764 aliud
464 1714 508 1763 est
521 1705 589 1764 illud
600 1725 768 1782 secumseque
778 1706 858 1782 quod
869 1706 899 1763 in
908 1702 1008 1764 Voss?
1018 1701 1140 1786 inueni),
1152 1707 1312 1783 potiusque

258 1803 416 1881 legendum
437 1812 498 1862 erat
516 1811 647 1879 peractae
667 1822 755 1881 quam
776 1806 903 1862 decumae
925 1804 956 1861 in
979 1805 1092 1861 decuma
1116 1806 1311 1864 mutandum:

259 1901 428 1978 exquisitius
459 1900 563 1960 dicitur
585 1904 685 1977 priene
709 1909 840 1978 peractae
867 1903 993 1959 decumae
1024 1902 1086 1960 siue
1116 1901 1213 1978 prima
1243 1914 1312 1980 post

261 2010 409 2077 peractam
431 1999 594 2059 decumam.
636 2000 788 2059 Postremo
809 2001 887 2075 repit
909 1999 1002 2057 multo
1027 2000 1248 2069 conuenientius
1274 2000 1312 2059 ad

259 2098 411 2176 sequentia
435 2117 483 2156 uec
507 2104 548 2156 ter
571 2100 671 2173 quinae
698 2099 852 2156 clementehr
880 2114 947 2155 usus
957 2119 970 2162 ;
1002 2109 1133 2157 nonest
1156 2099 1238 2158 enim
1268 2100 1311 2157 in-

260 2196 430 2256 clementiae
458 2196 562 2266 rubere,
588 2196 639 2254 sed
663 2206 768 2273 rupere.
812 2195 880 2254 Scio
903 2195 940 2253 de
970 2195 1110 2255 Canicula
1137 2196 1311 2274 loquentem

174 2308 180 2317 ·
260 2294 413 2354 Manilium
435 2294 472 2351 V.
496 2297 552 2352 208
576 2294 682 2353 dixisse
703 2297 841 2370 letralque
861 2295 990 2352 cautiulu
1006 2295 1146 2372 flammas
1166 2297 1214 2355 Et
1232 2298 1314 2356 rabit

260 2397 324 2470 e'gru
350 2414 407 2466 sue,
434 2412 504 2453 mox
531 2393 568 2452 de
593 2392 662 2453 ortis
690 2394 744 2452 sub
770 2392 910 2452 Canicula
938 2393 1066 2452 similiter
1094 2395 1195 2469 leugues
1223 2396 1309 2466 rabit,

260 2495 400 2569 latralque
433 2494 571 2568 loquenda.
621 2492 662 2549 At
689 2510 751 2550 non
781 2492 889 2551 idcirco
919 2491 1074 2551 undecima
1107 2510 1175 2568 pars
1201 2491 1312 2552 Cancri

260 2592 360 2649 rabere
381 2590 522 2662 uincitur;
544 2590 635 2648 immo
656 2591 730 2666 rapit
750 2591 853 2649 morbo
874 2589 921 2648 uel
942 2599 1037 2648 morte
1057 2600 1228 2666 occupatos,
1250 2610 1311 2668 quo

260 2706 348 2746 sensu
369 2688 440 2746 dixit
461 2688 484 2744 I.
507 2691 564 2746 882
583 2689 766 2764 Labentesque
787 2691 865 2763 rupit
878 2690 1003 2764 pupulos,
1022 2694 1141 2764 totusque
1154 2698 1210 2764 per
1229 2691 1313 2749 urbes

260 2785 383 2843 Publica
396 2789 531 2844 succensis
538 2794 719 2862 peraguntur
722 2787 796 2863 satu
810 2787 972 2862 sepulchris.

303 2883 355 2941 IV.
372 2896 439 2958 473,
458 2898 516 2958 474
532 2885 572 2943 sic
587 2885 683 2944 traditi
698 2895 765 2944 sunt
779 2885 809 2942 in
823 2882 939 2942 Gembl.

384 2993 512 3071 Septima
532 3004 561 3054 et
581 2995 737 3054 undecima
758 2995 958 3072 decumaeque
979 3005 1008 3054 et
1029 2995 1113 3053 tertia
1134 2995 1234 3055 iuncta

382 3091 421 3148 Et
441 3093 541 3168 quinta
562 3095 592 3150 in
612 3093 701 3152 chelis
722 3102 749 3150 et
771 3093 895 3170 septima
916 3094 1025 3152 inutilis
1045 3102 1137 3154 aestu.

303 3220 361 3282 473
387 3206 426 3264 Et
446 3215 508 3266 aute
530 3207 658 3284 Septima
678 3208 742 3266 add.
772 3206 856 3265 Voss.2
876 3206 1032 3267 undecima
1057 3218 1101 3267 est
1123 3207 1193 3268 Cus.
1223 3209 1311 3270 Voss.²

327 3320 344 3352 u

262 3373 415 3447 decimque
431 3370 499 3429 Cus.
515 3372 646 3430 decimae
667 3369 755 3430 Voss.²
768 3381 850 3430 terna
866 3370 934 3430 Cus.

303 3470 370 3528 Hos
393 3485 442 3526 uu.
463 3469 715 3545 Regiomontanus
740 3479 817 3528 recte
841 3470 1026 3547 transposuit,
1047 3470 1127 3531 unde
1149 3471 1244 3549 uulgo
1268 3474 1310 3533 sic

261 3568 330 3627 editi
345 3578 414 3626 sunt

383 3664 422 3722 Et
444 3659 497 3744 (At
518 3663 626 3744 Benll.)
649 3665 750 3742 quinta
770 3665 801 3724 in
822 3665 921 3727 Chelis
943 3676 972 3726 et
993 3667 1119 3745 septima
1140 3668 1259 3730 inutilis

465 3773 547 3822 aestu

385 3861 571 3937 Septimaque
592 3862 763 3922 undecimae
786 3863 972 3940 decimaeque
994 3874 1023 3923 et
1044 3865 1124 3923 tertia
1145 3865 1254 3925 iuncta.
