2760 4448
1169 269 1209 352 83

164 438 280 499 Manilii
291 439 417 500 carmine
432 439 586 518 purgando
600 458 661 498 non
669 439 799 499 inutilem
808 457 903 518 neque
918 439 1076 517 ignobilem
1090 456 1212 517 operam

163 539 268 598 Carrio
282 538 386 616 posuit,
401 538 445 596 uir
460 537 606 615 Scaligero
620 537 738 604 inuisus,
753 538 902 615 neglectus
917 538 1037 597 Iacobo.

204 637 389 712 III.171,2.

287 735 433 796 Fortunae
453 735 592 813 conquire
613 733 711 794 locum
732 753 784 811 per
805 734 899 794 sidera
921 744 1025 796 cuncta

287 829 373 902 Quae
389 829 516 907 primum
537 847 604 905 pars
625 838 668 888 est
690 830 852 888 numerosis
874 830 951 889 dicta
972 831 1028 889 sub
1049 830 1142 889 athlie.

207 941 262 1001 171
286 928 418 1006 perquire
434 927 503 987 Cus.
525 925 610 986 Voss.¹
625 927 674 987 bo.
714 941 768 1003 172
784 928 881 1004 primo
895 930 935 989 bo
949 929 1045 1006 primu
1059 930 1105 987 uel
1116 929 1212 1007 prium

169 1025 259 1085 Voss.²
273 1044 396 1086 numero
409 1026 450 1085 sic
464 1046 480 1085 o
494 1043 616 1086 numero
631 1026 670 1085 sis
688 1024 756 1085 Cus.
771 1027 858 1087 ducta
871 1029 912 1085 ed.
925 1026 1055 1104 Region.

204 1144 233 1184 u.
246 1138 300 1200 172
312 1124 460 1184 Bentleius
472 1125 601 1202 spurium
612 1125 720 1197 habuit,
731 1144 799 1185 cum
807 1127 1010 1203 praecessisset
1019 1130 1057 1203 96
1068 1127 1213 1186 Fortunae

161 1243 225 1282 sors
231 1226 331 1301 prr‘rrra
345 1225 412 1282 data
425 1231 472 1297 est,
488 1241 643 1284 numerosa
664 1233 760 1283 autem
776 1225 855 1284 athla
873 1244 1027 1302 perperam
1042 1226 1211 1298 dicerentur,

134 1332 137 1337 ’
161 1341 240 1399 quae
251 1332 364 1381 tantum
375 1340 418 1383 1111
426 1332 531 1382 essent.
557 1321 680 1399 Saepius
690 1332 789 1382 tamen
800 1323 874 1382 solet
884 1322 1022 1383 Manilius
1033 1325 1074 1384 sic
1083 1335 1212 1401 repetere

161 1421 244 1498 quod
259 1431 325 1480 ante
340 1420 460 1495 dixerat,
474 1439 530 1480 nec
544 1423 697 1479 numerasti
711 1422 875 1481 necessario
890 1422 927 1481 ad
936 1439 1075 1500 magnam
1084 1424 1213 1483 multitu-

161 1519 262 1577 dinem
271 1518 399 1592 refertur,
409 1520 543 1598 quamuis
552 1519 575 1578 Ι.
585 1523 642 1595 383
655 1539 800 1579 numerosa
810 1522 913 1592 tritara,
920 1520 972 1580 IV.
983 1534 1041 1597 925
1054 1540 1213 1580 numerosos

161 1619 238 1676 aeres
262 1636 378 1676 aceruos
401 1618 556 1678 uocauerit.
613 1617 660 1677 Sic
682 1617 780 1677 Niobe
805 1618 908 1678 dicitur
933 1617 1053 1678 Nemes.
1075 1618 1148 1696 Cyn.
1174 1633 1211 1694 15

160 1713 537 1794 Numerososuneremaesta,
544 1725 636 1794 mater
644 1716 867 1776 liberorumxrv:
879 1718 1049 1778 adulescens
1057 1718 1213 1778 multarum

160 1815 265 1874 artium
285 1814 316 1872 in
337 1815 471 1892 Inscript.
486 1813 569 1876 Grut.
587 1818 656 1891 655.
673 1834 690 1891 3
706 1834 751 1892 ap.
767 1805 972 1876 Forcellinium
993 1836 1039 1875 res
1057 1836 1212 1890 numerosa,

161 1930 230 1973 cum
241 1931 260 1971 v
270 1921 383 1972 tantum
403 1923 571 1973 numeratae
585 1913 643 1973 sint
663 1923 738 1973 artes
753 1914 784 1972 in
798 1914 905 1991 quibus
919 1932 950 1974 se
965 1915 1111 1974 sollertem
1128 1934 1213 1992 prae·

161 2011 289 2071 stiterat:
311 2011 352 2071 sic
362 2010 456 2071 Plinio
466 2029 612 2070 nunurasa
622 2011 724 2070 dicitur
739 2030 854 2071 summa
863 2032 904 2072 xrr
914 2022 1070 2072 uentorum
1083 2013 1124 2072 H.
1135 2012 1173 2072 N.
1184 2014 1212 2073 ii.

164 2127 230 2185 119.
258 2109 297 2170 Et
312 2119 411 2169 nostro
419 2109 538 2188 quidem
552 2108 620 2169 loco
631 2111 757 2188 respexit
768 2109 907 2169 Manilius
922 2110 960 2170 ad
974 2110 1094 2188 longam
1109 2112 1212 2170 seriem

161 2225 219 2284 qua
254 2227 296 2268 xn
330 2207 408 2269 athla
441 2209 496 2267 alia
523 2219 591 2285 post
614 2208 692 2268 aliud
726 2209 924 2286 explicantur:
960 2227 1038 2286 quae
1065 2210 1152 2269 series
1187 2210 1211 2268 si

161 2324 263 2366 uersus
278 2325 338 2365 non
355 2306 450 2365 minus
464 2307 614 2383 sexaginta
629 2316 764 2384 quattuor
783 2307 964 2384 consumpsit
979 2306 1135 2385 (96-159),
1150 2326 1211 2367 non

154 2404 308 2464 'immerito
321 2423 467 2463 numerosa
481 2404 616 2468 uocauda
629 2414 699 2477 erat,
713 2405 902 2482 sequentibus
924 2405 1052 2464 numeris
1067 2416 1210 2483 perpetuo

164 2503 267 2562 ordine
288 2503 417 2580 aprimo
437 2521 531 2580 usque
555 2503 594 2561 ad
612 2492 829 2563 duodecimum.
870 2504 918 2562 Ad
936 2514 1108 2578 structuram
1130 2503 1210 2581 quod

162 2602 271 2674 attinet,
286 2602 376 2661 uerba
396 2601 437 2661 sic
453 2601 575 2679 iunges:
596 2603 686 2660 lacurn
700 2601 845 2661 Fortunae
858 2622 927 2678 quae
933 2613 1009 2678 pars
1029 2609 1071 2660 est
1083 2604 1211 2678 pre'rnura

162 2701 235 2758 dieta
256 2698 308 2758 sub
328 2702 482 2758 numereris
501 2701 595 2772 athlie,
609 2699 638 2758 h.
650 2719 676 2758 e.
691 2701 802 2760 inclusa
824 2702 878 2760 sub
899 2701 989 2776 longa
1010 2701 1210 2760 numeratione
1302 2774 1304 2779 Ι

161 2814 200 2857 x11
214 2797 368 2858 athlorum.

201 2896 258 2956 III.
277 2911 343 2972 195.
675 2968 678 2975 Ι

286 2995 316 3055 Si
336 2996 400 3074 quis
422 2995 474 3054 erit
494 2994 545 3073 qui
566 3004 627 3053 tum
649 3005 782 3054 materno
804 2997 960 3055 excesserit
982 2994 1058 3067 aluo,

163 3101 287 3164 materno
307 3094 421 3154 codices
438 3111 559 3153 omnes:
583 3112 678 3169 neque
700 3105 743 3154 est
758 3113 809 3153 cur
830 3094 953 3154 Manilio
967 3095 996 3152 id
1017 3113 1078 3153 non
1098 3094 1210 3153 licuerit

163 3193 249 3269 quod,
277 3202 311 3251 ut
338 3192 407 3251 nihil
435 3192 532 3250 dicam
557 3191 593 3251 de
622 3193 724 3252 Plauto
753 3193 869 3269 (Pseud.
893 3192 967 3270 823)
991 3192 1105 3252 Catone
1129 3192 1209 3250 Attio

163 3289 297 3363 Laberio,
316 3291 395 3350 licuit
412 3291 500 3350 etiarn
516 3291 733 3365 recentioribus,
755 3291 848 3351 Caluo
868 3311 913 3368 ap.
930 3291 1040 3351 Charis.
1057 3292 1092 3348 61
1107 3297 1209 3366 partus

160 3391 282 3465 grauedo
288 3390 425 3467 portabat
436 3391 466 3447 r'n
481 3390 553 3460 aluo,
572 3389 681 3448 Heluio
697 3389 809 3449 Cinnae
825 3389 948 3470 (Charis.
965 3394 1012 3461 61,
1033 3390 1120 3469 Prisc,
1137 3388 1209 3466 718)

163 3489 204 3547 At
222 3490 310 3547 scelus
331 3489 431 3546 incesto
446 3487 592 3546 Zrnurnae
610 3489 747 3547 erescebat
766 3491 796 3546 in
817 3490 892 3560 aluo,
907 3474 1207 3560 Columellae'rr.·¹146

162 3586 280 3646 Florida
301 3606 363 3645 cum
377 3587 480 3645 suboles
500 3593 625 3644 materno
638 3589 765 3663 pullulat
783 3589 848 3646 aluo
863 3586 911 3666 (al.
925 3584 1017 3664 aruo).
1061 3585 1106 3645 Cf.
1122 3585 1208 3644 Neuii

162 3683 358 3745 Formenlehr.
379 3685 397 3743 i.
414 3704 442 3761 p.
458 3687 516 3760 677
540 3683 584 3743 ed.
605 3704 631 3755 a,
653 3685 816 3762 Nettleship
840 3685 1050 3746 Contrz'butions
1070 3691 1097 3742 to
1117 3685 1208 3742 Latin

163 3783 379 3861 Lexe'eograplry
395 3795 425 3861 p.
451 3785 517 3856 146.
570 3782 646 3844 Sane
672 3803 731 3845 non
757 3787 853 3845 minus
877 3786 1008 3844 obscurae
1033 3786 1209 3841 auctoretatis

166 3878 299 3978 llanilius
313 3883 365 3942 luit
380 3900 468 3961 quarn
484 3883 507 3940 is
522 3883 603 3942 cuius
618 3885 791 3944 uersiculum
808 3884 922 3945 Nonius
937 3883 1034 3942 citauit
1048 3901 1103 3957 193
1119 3881 1207 3940 litata

663 4001 682 4041 u
701 4004 715 4040 2
