2760 4448
167 280 231 345 208
477 292 626 344 nocrrs
646 290 897 343 numerarer

165 450 322 512 Alexandr.
341 471 369 529 p.
391 448 472 532 346),
491 471 540 512 1111.
563 467 590 528 5,
612 455 632 512 6
653 459 735 511 Τοῦτο
755 455 795 510 καὶ
815 441 878 510 ui’rrd
897 450 952 510 καθ’
973 450 1037 510 aiud
1058 453 1135 510 endu
1152 451 1219 528 μέγα

166 552 302 623 σύμβολον
320 537 408 608 ὄχλων
426 552 509 609 'Euri‘
530 557 610 609 τόσον
630 552 714 628 τούτῳ
733 557 770 628 τῷ
789 554 852 627 πυρὶ
872 557 924 626 πῦρ
944 551 1031 624 ἕτερον
1052 547 1133 628 (cod.
1150 575 1220 622 συμ-

165 654 276 718 βάλλειν
288 650 364 706 Ἐστὶ
377 652 407 706 τὸ
421 655 478 721 σόν,
493 669 569 726 quae
587 651 699 710 correxi
712 651 743 709 in
757 650 837 708 Diar.
852 648 953 710 Philot
971 649 1110 709 Cantabr.
1125 649 1174 707 vii.
1187 668 1217 726 p.

169 747 250 827 259).
291 748 328 805 In
342 747 399 808 hoc
413 748 499 808 ualde
515 749 619 807 similia
634 759 702 808 sunt
714 750 797 827 τούτῳ
815 754 851 826 τῷ
867 752 930 823 πυρὶ
947 755 1000 823 πῦρ
1016 750 1104 823 ἕτερον
1118 748 1218 806 ‘there

165 847 190 905 is
204 866 222 905 a
236 845 347 905 second
361 846 412 904 fire
426 865 459 906 as
472 856 553 923 great
567 857 597 906 to
611 847 756 924 complete
769 847 826 906 this
840 843 908 920 fire,'
923 856 952 906 et
965 847 1069 906 Altera
1081 847 1127 924 fit
1140 847 1222 904 caedi

165 947 258 1003 coedes
279 944 366 1003 ‘then
386 963 492 1005 ensues
516 964 534 1004 a
556 946 665 1005 second
688 945 835 1022 slaughter
856 963 937 1023 upon
959 942 1124 1021 slaughter?
1169 943 1218 1004 Sic

165 1041 283 1104 Graeco
296 1043 389 1120 magis
404 1062 493 1122 quam
508 1042 645 1103 Romano
659 1061 742 1104 more
756 1043 829 1104 dixit
840 1041 980 1103 Manilius
993 1045 1078 1102 terris
1085 1041 1218 1102 Munera

164 1144 306 1201 caelestum
319 1143 343 1200 Ι.
360 1160 407 1215 24,
420 1157 467 1217 ²5·

169 1264 171 1269 ·
206 1240 244 1300 V.
260 1244 315 1316 ⁶71
334 1259 398 1318 sqq.

286 1339 340 1398 Illa
361 1340 436 1398 datis
456 1339 559 1399 melior
579 1339 664 1411 sucis
685 1359 752 1417 pars
774 1338 822 1399 illa
842 1340 971 1400 retentis.

287 1439 369 1497 Hinc
390 1438 485 1496 sanies
506 1438 634 1516 pretiosa
654 1437 716 1497 fluit
736 1438 899 1516 floremque
919 1437 1032 1498 cruoris

286 1536 406 1596 Euomit
425 1547 454 1596 et
474 1537 567 1595 mixto
587 1546 704 1613 gustum
726 1536 785 1595 sale
805 1546 948 1614 temperat
967 1537 1036 1597 oris.

286 1635 340 1693 llla
360 1635 451 1712 putris
472 1636 598 1693 turbast:
627 1646 737 1711 strages
757 1635 945 1694 confunditur
964 1634 1063 1695 omnis

168 1775 170 1780 -
205 1737 265 1809 675
289 1733 501 1808 Permiscetque
522 1751 588 1791 suas
609 1734 721 1792 alterna
740 1734 771 1792 in
792 1734 901 1792 damna
921 1734 1029 1810 figuras

288 1831 541 1906 Communemque
562 1832 635 1890 cibis
654 1850 740 1891 usum
761 1850 923 1909 sucumque
944 1831 1097 1890 ministrat.

205 1934 264 2005 672
279 1930 444 2006 florumque
461 1928 565 1988 Gembl.
580 1931 691 1989 cruoris
705 1931 741 1989 al.
756 1931 860 1990 coloris
881 1949 896 1988 o
904 1930 1036 2008 fhrtasse
1056 1936 1149 1989 recte.-
1175 1930 1219 1988 sic

164 2031 227 2101 ἄνθη
248 2029 381 2087 dz'cuntur
400 2030 511 2087 colores.
565 2033 623 2104 673
646 2025 752 2110 mixto]
774 2039 864 2106 guxto
889 2027 993 2088 Gerubl.
1036 2031 1096 2103 674
1117 2029 1218 2087 turbat

167 2127 271 2188 Gembl.
287 2127 354 2187 Cur.
368 2147 406 2187 ex
420 2129 538 2200 turbast‚
554 2135 587 2186 ut
598 2148 669 2200 reor,
685 2131 824 2187 uerutum.

206 2227 331 2286 Huetius
351 2227 426 2284 datu
446 2226 648 2302 interpretatus
669 2237 713 2286 est
734 2226 808 2286 datis
829 2246 866 2285 ex
888 2245 919 2286 se
941 2226 1002 2285 siue
1024 2224 1161 2302 profusis,
1184 2233 1217 2284 ut

164 2344 282 2396 exucta,
299 2325 418 2410 siccata,
441 2333 468 2383 et
491 2324 708 2401 propemodum
731 2325 832 2384 durata
857 2325 944 2396 fieret,
971 2342 1038 2384 cum
1063 2322 1113 2383 hic
1140 2322 1215 2382 mel·

164 2425 274 2500 andrya
288 2423 432 2500 descripta
451 2433 597 2495 censeret3
618 2433 721 2482 eontra
738 2433 851 2501 partem
869 2424 990 2482 alteram
1008 2423 1084 2481 sucis
1103 2424 1216 2482 retentu·

163 2540 227 2580 csse
251 2540 355 2598 garum
379 2525 409 2577 τὸ
434 2521 588 2594 καλούμενον
611 2526 748 2592 alpinam,
771 2522 800 2580 in
818 2516 886 2598 'quo
910 2521 1034 2580 multum
1063 2520 1215 2596 sanguinis

163 2620 265 2696 thynni
287 2628 460 2697 superesset.
502 2620 575 2678 Mihi
595 2620 679 2680 latius
700 2620 747 2679 hic
769 2620 882 2679 uidetur
902 2619 1016 2678 locutus
1036 2629 1133 2697 poeta,
1154 2617 1214 2677 hoc

164 2737 259 2791 sensu,
284 2719 410 2793 thynnos
432 2719 578 2778 interdum
602 2719 719 2778 adscitis
746 2717 862 2777 aliunde
891 2718 1044 2794 saporibus
1069 2715 1213 2794 praeferri,

163 2816 309 2875 interdum
323 2825 434 2874 retento
449 2833 512 2875 suo.
553 2815 633 2874 Nam
647 2826 678 2875 ut
695 2817 758 2894 ipse
779 2817 838 2891 669
859 2815 972 2892 scripsit
991 2815 1162 2873 scinduntur
1181 2815 1213 2872 in

162 2922 244 2973 aruer
265 2913 392 2990 Corpore
413 2911 617 2994 (thynnorum)
636 2921 665 2973 et
685 2934 724 2974 ex
747 2934 801 2972 uno
824 2916 927 2972 uarius
948 2913 1114 2972 describitur
1135 2931 1212 2970 unes.

163 3014 201 3072 Et
226 3032 277 3072 cur
301 3031 361 3071 non
383 3012 526 3071 uariarent
553 3030 639 3072 usum
666 3031 745 3072 nunc
773 3012 848 3072 datis
873 3011 992 3072 aliunde
1020 3012 1107 3084 sucis,
1133 3027 1212 3069 nunc

164 3121 280 3173 seruato
294 3111 344 3187 qui
358 3121 477 3169 naturae
491 3109 563 3170 fuit?

167 3240 171 3245 ·
190 3209 239 3288 .V·
257 3212 324 3281 681,
340 3211 397 3266 682
415 3209 456 3267 sic
470 3218 570 3268 extant
583 3209 614 3267 in
628 3208 745 3268 Gembl.

121 3322 125 3329 ·
285 3307 326 3367 Vt
346 3307 492 3385 morisque
514 3308 592 3367 uolet
614 3308 711 3367 saucia
732 3327 784 3385 per
804 3318 906 3367 mutua
926 3306 993 3367 dote

284 3405 322 3464 Et
342 3405 406 3463 fluit
427 3407 456 3463 in
476 3405 601 3483 liquidas
621 3407 705 3465 tabes
725 3405 852 3466 resoluta
872 3406 1023 3466 medullas.

162 3504 337 3582 Vmorisque
352 3505 397 3585 uel
410 3503 610 3581 Humorisque
618 3506 746 3580 plerique
759 3504 838 3563 socia
845 3505 983 3580 plerique.

203 3603 375 3663 Correxerat
400 3601 527 3679 Scaliger
551 3601 716 3679 Urmresque
739 3609 829 3662 uomet
847 3604 921 3660 socia
941 3611 994 3677 per
1017 3607 1117 3660 mutua
1143 3601 1211 3672 dote,

162 3701 281 3778 optime,
295 3711 326 3759 ut
345 3700 415 3758 mihi
436 3700 556 3777 quidem
576 3700 698 3772 uidetur,
717 3711 859 3760 structura
880 3700 1000 3759 ablatiui
1019 3709 1048 3759 et
1069 3688 1132 3759 aliis
1153 3699 1211 3759 lte·

161 3808 300 3876 quentata
324 3808 354 3858 et
376 3798 432 3878 ipsi
453 3795 575 3856 Manilio
596 3817 657 3857 non
678 3799 870 3858 abhorrente:
897 3808 1012 3857 tantum
1032 3799 1122 3856 uomit
1140 3795 1213 3856 scri·

161 3896 291 3956 bendum
311 3906 381 3956 erat.
423 3895 463 3956 At
485 3894 634 3956 Bentleius
656 3901 761 3956 ‘uomet
782 3898 909 3957 humores
931 3897 1007 3956 ruerit
1029 3896 1098 3955 dote.
1138 3893 1214 3957 Non
