2760 4448
676 298 702 350 V
809 315 811 319 ·
1150 298 1212 364 203

206 473 265 546 546
287 468 407 564 solaque
425 468 460 530 'in
481 467 613 530 Vosszuni
629 467 697 528 Cus.
713 487 729 527 o
743 468 777 527 b.'
808 481 865 544 547
886 463 1040 526 Pronatis
1062 461 1148 525 Voss.¹
1165 462 1213 522 ob

163 569 286 630 Priuatis
307 569 394 630 Voss.²
408 568 541 627 Primatis
556 569 639 645 szs.

203 668 389 729 Bentleius
367 687 408 727 sic
422 667 586 744 corrigebat

284 767 342 826 Hic
364 767 555 842 Hymenaeus
576 773 646 836 erat,
668 763 817 840 solataque
837 762 955 839 publica
977 721 1087 820 damna

285 865 415 938 Priuatis,
436 864 592 923 lacrimans
613 873 732 923 ornatur
752 861 871 922 uictima
892 879 1015 938 poenae.

162 979 355 1040 Andromeda
376 980 470 1040 solata
491 989 535 1039 est
556 979 673 1056 publica
693 978 801 1036 damna
821 977 940 1055 priuatis
962 977 1024 1036 siue
1044 994 1106 1047 suo,
1122 974 1211 1053 idque

162 1090 194 1138 ut
214 1079 264 1138 fiat
285 1089 426 1156 tanquam
450 1077 545 1139 hostia
568 1088 689 1137 ornatur
716 1078 747 1135 in
767 1076 950 1154 supplicium.
1003 1075 1098 1133 Valde
1123 1074 1212 1133 miror

162 1176 325 1237 Breiterum
353 1177 427 1237 haec
451 1176 627 1254 repudiasse,
651 1184 820 1253 corruptum
848 1176 911 1234 Pro
942 1177 1018 1233 natis
1048 1191 1212 1245 remeasse,

160 1275 301 1354 solataque
314 1276 429 1353 passiue
443 1275 628 1335 intellexisse.
670 1273 736 1334 Nec
751 1273 850 1333 Iacobi
864 1273 960 1351 placet
974 1272 1140 1332 emendatio

285 1374 345 1434 Hic
365 1373 545 1450 hymenaeus
566 1382 636 1446 erat,
658 1372 744 1432 solari
765 1372 883 1449 publica
905 1370 1014 1430 damna

285 1471 424 1544 Priuatis;
453 1471 608 1532 lacrimans
629 1481 748 1531 ornatur
768 1470 887 1530 uictima
907 1489 1030 1547 poenae.

160 1585 279 1647 Tamen
300 1587 380 1663 quod
404 1587 483 1646 uenit
505 1587 576 1646 mihi
602 1587 632 1645 in
656 1596 785 1646 mentem
812 1585 908 1663 primo
932 1585 1048 1662 legenti,
1069 1602 1108 1642 ne
1131 1600 1210 1649 nunc

161 1685 280 1763 quidem
313 1703 430 1764 prorsus
461 1685 566 1757 abici0‚
593 1705 631 1745 ex
661 1688 773 1762 solaque
800 1684 848 1743 uel
874 1685 985 1760 solaque
1011 1685 1043 1743 in
1070 1700 1211 1760 reponere

159 1785 342 1938 mlaquic
363 1862 542 1943 hymenaeus
563 1874 624 1924 erat
645 1860 754 1924 solatae
774 1862 891 1941 publica
912 1862 1021 1922 damna

283 1961 422 2023 Priuatis:
455 1962 611 2023 lacrimans
631 1973 750 2022 ornatur
770 1962 890 2021 uictima
910 1981 1034 2040 poenae.

201 2074 239 2136 V.
255 2081 396 2153 554-556
411 2080 453 2139 sic
468 2089 568 2138 extant
581 2079 612 2136 in
628 2077 744 2138 Gembl.
759 2088 787 2138 et
803 2077 905 2137 ceteris
1205 2160 1207 2167 y

284 2179 421 2239 Seruatus
455 2188 555 2239 tamen
583 2178 614 2237 in
641 2197 739 2256 poena
765 2176 874 2258 (paena
910 2173 1028 2258 Gembl.)
1055 2175 1210 2271 uultusque

364 2277 517 2355 pudorque

203 2405 262 2468 555
285 2391 432 2471 Supplicia
452 2393 515 2470 ipsa
535 2393 639 2452 decent
660 2392 747 2453 niuea
768 2392 881 2452 ceruice
902 2391 1015 2451 reclinis

285 2491 415 2551 Molliter
434 2491 498 2569 ipsa
518 2510 588 2551 suae
610 2502 709 2551 custos
730 2500 773 2550 est
794 2492 857 2568 ipsa
878 2491 997 2567 figurae.

201 2623 230 2663 u.
251 2608 450 2684 556est1psa
468 2607 571 2667 uitiose
590 2606 707 2666 codices
726 2625 779 2684 pro
799 2613 839 2666 est
858 2608 930 2664 usia.
972 2604 1037 2664 Pari
1060 2623 1156 2664 errore
1179 2606 1209 2663 in

162 2703 233 2764 Stat.
249 2704 321 2763 Sil.'
313 2725 331 2764 1.
346 2725 374 2780 3.
390 2705 494 2783 9Ipsa
510 2725 597 2764 manu
610 2712 702 2764 tenera
720 2712 817 2764 tectum
830 2706 976 2782 scripsisse
996 2704 1046 2763 Vol
1044 2712 1126 2781 uptus
1139 2705 1209 2764 scri-

160 2802 289 2862 bendum
307 2813 351 2863 est
372 2804 439 2863 Visa
453 2804 534 2881 quod
552 2803 639 2863 habet
658 2803 703 2863 ed.
718 2802 896 2880 Gryphiana
937 2802 1036 2862 Etiam
1050 2802 1138 2863 Mart.
1152 2803 1212 2861 xiv.

164 2904 230 2978 196.
247 2921 262 2960 a
278 2902 357 2979 Ipsa,
380 2902 447 2961 Vr'sa
461 2913 583 2977 utraque
597 2903 629 2959 in
643 2902 793 2962 codicibus
806 2901 948 2978 leguntur.

159 2998 239 3059 V.
254 3004 322 3077 585,
337 3001 434 3077 586
412 3020 453 3060 sse
467 3000 562 3060 traditi
578 3001 689 3059 suntin
705 2999 820 3061 Gembl.
832 3010 860 3059 et
873 2999 1020 3077 plerisque

283 3099 365 3159 Hinc
386 3099 476 3160 uastis
497 3109 602 3176 urgent
623 3099 773 3158 immensis
794 3100 945 3177 torquibus
966 3100 1055 3159 orbes

283 3196 442 3276 Tergaque
463 3207 641 3258 consumunt
661 3198 792 3274 pelagus.

162 3314 221 3387 585
243 3311 317 3372 uasti
331 3323 450 3392 surgent
470 3311 557 3372 Voss.²
568 3312 641 3371 uasti
656 3323 772 3389 turgent
786 3332 801 3371 0
814 3311 831 3371 b
844 3313 974 3390 Regz'om.

161 3409 253 3471 Recte
262 3410 436 3471 reduxerunt
442 3414 521 3470 uasti
526 3419 641 3488 turgent
648 3412 775 3470 Iacobus
784 3421 812 3470 et
823 3422 889 3470 ante
899 3430 968 3470 eum
977 3409 1118 3470 Molinius
1128 3409 1158 3468 in
1164 3402 1211 3468 ed.

160 3507 352 3586 Lugdunensi
375 3525 463 3585 1551,
483 3519 512 3569 et
535 3510 699 3581 StoeberuS,
721 3508 768 3568 hic
790 3519 888 3568 tamen
909 3509 984 3567 male
1005 3509 1207 3584 interpretatus

160 3609 304 3686 torquibus
324 3619 464 3687 tanquam
486 3620 562 3669 esset
582 3611 681 3669 ‘tortis
702 3607 837 3668 fluctibus
856 3608 886 3666 in
906 3607 1054 3684 torquium
1076 3603 1209 3664 morem?

162 3707 369 3784 Significantur
386 3715 486 3767 uastae
504 3707 722 3768 conuolutiones
740 3707 807 3767 colli
827 3717 856 3766 et
874 3705 1002 3782 corporis
1016 3705 1118 3764 beluae
1133 3722 1209 3781 quae

161 3805 245 3883 quasi
256 3806 286 3863 in
301 3806 403 3865 seriem
414 3807 560 3884 torquium
574 3806 630 3864 alia
638 3816 704 3883 post
715 3803 1006 3881 aliamseexplicant.
1048 3803 1095 3862 Sic
1104 3812 1209 3881 postea
1276 3882 1278 3887 ‚

163 3916 220 3979 597
242 3906 324 3964 tortis
343 3906 463 3964 annitens
483 3905 594 3965 orbz'bus
617 3905 672 3962 alte
692 3903 815 3964 Emicat.
866 3904 890 3963 1.
906 3921 966 3980 433
984 3902 1075 3976 Quam
1090 3908 1214 3980 propter>
