2760 4448
265 286 332 337 210
594 280 742 332 NOCTES
761 280 1012 342 MANILIANAE

263 441 343 498 omni
362 436 445 499 scat·
460 459 650 516 summamque
675 446 819 516 utramque
846 438 995 499 Bentleius
1024 440 1115 498 uincit
1135 456 1212 516 ego:
1243 457 1310 499 nam

264 537 372 616 gradus
388 537 439 614 qui
455 549 484 597 et
499 549 635 616 quartum
654 548 683 598 et
700 540 835 615 quintum
855 555 949 614 genus
967 539 1060 596 ueram
1075 538 1138 596 siue
1157 538 1312 614 egreditur,

265 646 365 695 sextus
379 646 431 695 est.
472 636 550 695 Dein
563 638 691 695 maxima
704 655 772 713 pers
792 637 854 696 siue
875 637 1000 712 septima
1014 635 1162 694 concludit
1176 637 1314 694 minimos

264 734 444 812 eosdemque
457 735 533 793 imos
546 735 629 811 ignes
644 734 781 794 siderum.
807 745 880 810 pers
892 733 986 792 Bentl.
999 735 1127 792 mrm'mos
1140 755 1163 792 c.
1174 735 1316 792 cmtcludit

265 833 373 890 elimes
386 850 451 909 ego.

307 929 346 989 V·
362 943 430 1005 740,
448 945 504 1006 741

390 1027 464 1086 Sunt
485 1028 583 1088 stellae
604 1047 757 1106 procerum
777 1027 894 1100 similes,
916 1036 983 1086 sunt
1004 1027 1139 1106 proxima
1160 1029 1268 1107 primis

390 1125 498 1198 Sidera,
520 1136 645 1205 suntque
665 1127 774 1204 gradus
794 1136 883 1203 atque
902 1125 1004 1186 omnia
1024 1127 1102 1185 uicta
1121 1127 1264 1203 priorum.

266 1224 343 1282 ue'cta
363 1222 435 1295 nihil
455 1234 499 1282 est
523 1225 579 1284 nisi
595 1225 680 1297 ficto.
722 1225 796 1283 Sunt
819 1223 926 1301 gradus
950 1223 1079 1282 siderum
1103 1236 1190 1303 atque
1216 1225 1318 1284 omnia

266 1339 343 1397 quae
357 1321 423 1380 ficta
435 1330 502 1380 sunt
516 1322 554 1381 ad
568 1323 678 1400 priores
691 1342 709 1382 a
722 1323 929 1400 posterioribus
944 1321 1178 1381 discernendum.
1212 1321 1318 1382 Stellae

267 1420 346 1479 enim
379 1429 423 1478 tot
457 1418 565 1480 habent
598 1421 813 1496 magnitudines
842 1429 914 1499 quot
944 1419 975 1478 iu
1005 1419 1175 1484 hominibus
1208 1421 1319 1497 gradus

267 1528 335 1586 ¹sunt
355 1517 536 1593 dignitatum.
579 1518 627 1577 Sic
647 1526 727 1577 mouet
744 1537 799 1595 pro
809 1520 894 1592 fouet
912 1517 981 1576 oII.
997 1531 1066 1591 445,
1080 1520 1155 1576 uz'cla
1172 1536 1231 1595 pro
1242 1520 1319 1595 ficta

267 1615 347 1674 idem
361 1615 456 1674 codex
465 1615 518 1674 IV.
530 1619 597 1689 264,
607 1625 723 1675 muster
732 1635 786 1694 pro
788 1619 911 1693 sonetur
918 1614 956 1674 V.
966 1630 1042 1690 245:
1055 1618 1177 1692 confecta
1187 1635 1244 1694 pro
1254 1637 1319 1676 con·

267 1717 344 1770 uecta
359 1711 494 1771 Cusanus
504 1713 542 1772 V.
556 1716 623 1789 378.
656 1714 754 1774 Paene
767 1713 805 1772 ad
818 1714 941 1773 uerbum
952 1711 1095 1774 Miltonus
1110 1713 1204 1774 Sams.
1216 1713 1315 1792 Agon.

271 1808 347 1864 1608
362 1809 407 1867 all
416 1811 461 1869 me
473 1813 549 1870 lords
562 1813 624 1870 and
633 1814 700 1872 each
713 1813 807 1888 degree
823 1811 872 1889 Os
878 1801 946 1870 sort.
