2760 4448
174 279 235 340 142
490 275 638 325 NOCTES
656 275 907 325 MANILIANAE

170 445 269 494 tamen
290 436 374 494 codd.
390 445 476 508 extat,
491 436 528 493 V.
545 440 583 509 64
600 437 702 495 Instar
721 440 777 496 erit
789 440 894 514 populi
909 446 1016 514 totaque
1034 439 1175 497 dubitabit
1192 442 1223 496 in

170 535 237 591 urbe
260 534 346 593 codd.
367 535 438 605 orbe,
460 534 496 591 V.
519 538 578 609 476
604 537 708 593 doctior
731 537 799 594 urbe
821 556 874 594 suo
899 537 984 595 codd
1005 537 1076 610 orbe,
1099 537 1139 594 V.
1163 540 1224 610 650

170 633 287 689 medriam
306 633 461 691 metuendus
479 634 509 689 iu
531 632 634 702 urbem,
649 632 730 709 Lips.
744 643 773 692 et
787 632 887 694 Voss.²
900 636 998 703 orbem,
1014 634 1052 693 V.
1068 649 1128 710 734
1143 636 1224 693 urbes

170 727 310 788 Manilius
330 730 407 788 orbes
428 731 521 800 codd.‚
540 731 577 789 V.
599 745 656 805 739
677 733 771 789 urbem
793 731 933 793 Manilius
953 733 1044 790 orbem
1065 732 1154 791 codd.
1175 731 1223 811 (3)

169 826 252 886 Dixit
271 847 341 888 sane
354 828 500 904 Vergilius
514 829 589 888 Aen.
604 831 650 887 vii.
667 848 703 887 aa
708 849 724 904 3
744 831 844 906 quibus
864 836 944 888 oclus
963 837 1074 906 uterque
1087 829 1226 908 Europae

168 935 250 1002 atque
262 926 288 984 Α
292 929 351 985 uiae
352 928 433 1004 salis
446 930 622 986 concurrerit
634 928 717 1000 orbis,
729 928 827 988 addito
838 929 974 989 uidelicet
984 929 1122 1005 Europae
1134 941 1224 1007 atque

168 1025 274 1097 Asiae3
295 1025 347 1084 sed
368 1043 428 1084 non
448 1025 555 1086 idcirco
570 1026 710 1085 Manilius
727 1027 805 1085 orbes
824 1028 866 1087 sic
885 1028 963 1086 nude
982 1027 1132 1104 positurus
1150 1039 1223 1102 erat,

168 1124 225 1182 nisi
246 1123 320 1183 forte
347 1123 517 1201 interpretes
540 1125 593 1183 sibi
618 1125 686 1184 satis
713 1125 814 1183 habuit
841 1135 908 1202 post
935 1125 1090 1185 adnectere
1118 1145 1225 1187 uersus

170 1224 238 1296 680,
255 1225 310 1281 681
329 1222 417 1280 Hauc
429 1223 519 1281 Astur
539 1230 637 1282 metam
652 1226 749 1301 posuit
767 1231 872 1282 nutura
884 1227 1011 1301 potentii,
1025 1224 1109 1297 Quod
1123 1237 1224 1302 super·

167 1327 209 1378 est
230 1320 350 1397 Europa
372 1327 448 1379 toul.
498 1320 605 1380 Melius
632 1322 720 1382 credo
747 1332 852 1399 poetae
880 1323 1036 1382 consulunt
1062 1323 1115 1400 qui
1143 1325 1224 1383 orbes

167 1420 390 1497 interpretantur
413 1419 537 1479 circulos
560 1420 704 1497 quosdam
718 1420 794 1483 ,siue
821 1420 927 1480 limites
953 1422 1061 1498 quibus
1085 1422 1223 1482 diuersae

168 1517 341 1594 Scytharum
362 1529 464 1595 gentes
485 1518 756 1577 circumcludantur.
783 1515 830 1597 (4)
849 1518 979 1596 Negauit
992 1519 1141 1580 Bentleius
1155 1540 1222 1581 esse

166 1617 253 1675 urbes
279 1616 399 1692 Scythis.
445 1616 503 1675 Sed
526 1626 558 1674 ut
582 1616 653 1674 nihil
677 1616 773 1677 dicam
797 1617 834 1677 de
855 1617 1015 1694 Apollonia
1039 1617 1223 1679 Mesembria

168 1715 285 1774 Odesso
309 1713 451 1773 Callatide
476 1733 551 1791 quae
573 1714 737 1774 Thracicae
761 1716 859 1793 potius
883 1727 1035 1789 uocantur,
1057 1717 1128 1776 audi
1148 1718 1221 1795 quid

168 1812 272 1888 Scylax
294 1812 330 1871 de
353 1812 467 1890 Scythis
492 1813 595 1871 referat
618 1813 649 1871 in
671 1813 786 1889 Periplo
812 1818 850 1888 69
879 1819 953 1872 Μετὰ
976 1817 1004 1872 δὲ
1027 1815 1131 1889 θρᾴκην
1153 1819 1221 1873 εἰσὶν

166 1908 260 1964 Σκύθαι
280 1909 352 1965 ἔθνος
372 1910 413 1963 καλ
433 1911 521 1965 πόλεις
542 1910 569 1963 ἐν
590 1910 677 1966 αὐτοῖς
696 1908 844 1977 Ἑλληνίδες
864 1908 928 1964 οἶδε·
955 1908 1073 1984 Τρίσσης
1092 1914 1219 1983 ποταμός,

167 2009 292 2062 Νεὼνειον
309 2009 392 2076 πόλις,
413 2006 546 2079 Ὀφιοῦσα
566 2009 649 2064 πόλις·
668 2008 716 2063 ,ἐπὶ
737 2008 765 2062 δὲ
787 2012 818 2076 τῇ
839 2008 948 2076 Σκυθικῇ
965 1988 1104 2066 ’ἕποικοῦσι
1124 2015 1220 2084 Ταῦροι

165 2105 246 2175 ἔθνος,
261 2104 473 2178 ἆκρωτὴριοντῆς
486 2103 601 2178 ἕρπει’ροο·
617 2105 653 2162 εἰς
669 2105 798 2161 θάλατταν
815 2107 843 2161 δὲ
858 2107 889 2160 rd
907 2106 1064 2180 ἀκρωτήριόν
1080 2108 1149 2166 ἐστι.
1191 2110 1220 2164 ἓν

166 2204 195 2258 δὲ
218 2207 249 2274 τῇ
273 2207 381 2276 Ταυρικῇ
408 2205 521 2259 οἰκοῦσιν
541 2201 667 2273 Ἕλληνες
690 2199 744 2280 (καὶ
767 2206 857 2261 πόλεις
880 2203 976 2279 suppl.
990 2203 1129 2283 Vossius)
1153 2205 1218 2263 αἵδε·

126 2333 129 2338 ’
166 2304 327 2375 Χερρόνησος
340 2303 470 2374 ἐμπόριον,
486 2305 565 2374 Κριοῦ
580 2301 714 2371 Mirator,
729 2301 884 2375 ἀκρωτήριον
897 2305 943 2372 τῆς
954 2305 1087 2377 Ταυρικῆς·
1108 2306 1175 2374 μετὰ
1189 2306 1217 2360 δὲ

164 2401 243 2454 ταῦτα
256 2401 309 2455 εἶσι
323 2399 416 2456 Σκύθαι
428 2401 514 2458 πόλιν.
554 2403 644 2457 πόλεις
657 2401 686 2455 δὲ
698 2399 847 2468 Ἑλληνίδες
863 2398 919 2456 aide
937 2401 965 2456 ἐν
981 2402 1055 2473 αὐτῇ·
1077 2403 1216 2473 Θεοδοσία,

166 2496 270 2565 Karoia,
284 2497 324 2550 καὶ
339 2494 473 2567 Νῦμφαια.
513 2495 709 2565 Παντικάπαιον,
724 2493 894 2567 Μυρμὴκειον.

206 2591 258 2651 IV.
275 2595 334 2651 680

286 2714 426 2789 Aequora
446 2722 475 2772 et
495 2722 657 2772 extremum
678 2712 873 2788 Propontidos
894 2712 1133 2790 Hellespontum.
1186 2770 1191 2777 ,

165 2837 290 2894 lacobus
304 2845 459 2895 extremum
476 2856 560 2911 usque
577 2835 716 2896 coniecit:
739 2836 834 2912 possis
855 2836 942 2899 etiam
962 2844 1120 2896 extremum
1142 2839 1215 2908 rude,

164 2935 210 2992 uel
225 2936 287 2991 iude
300 2942 433 2993 extremo.
458 2930 511 3014 [ud
521 2941 725 3010 extremumque
737 2934 925 3011 Propontidos
935 2934 979 2994 H.
993 2933 1214 3016 Rossbergius]

205 3033 258 3094 IV.
273 3035 413 3103 682-684
431 3032 472 3091 sic
488 3033 582 3092 traditi
597 3033 709 3091 suntin
723 3031 839 3092 Gembl.

237 3172 240 3178 ’
285 3155 374 3227 Quod
395 3167 526 3233 superest
547 3175 657 3233 europa
677 3166 756 3215 tenet
776 3175 853 3234 quae
873 3158 969 3235 prima
990 3167 1143 3218 natantem

285 3255 433 3313 Fluctibus
453 3257 567 3332 excepit
588 3256 690 3314 Iouem
712 3265 883 3332 taurumque
905 3256 1024 3316 resoluit

285 3352 416 3412 Pondere
438 3372 524 3430 passa
544 3372 598 3412 suo
620 3355 697 3430 signi
716 3355 855 3432 onerique
877 3355 995 3414 iuuauit.
1024 3414 1028 3421 ,

204 3480 263 3552 683
285 3476 454 3554 excepitque
468 3478 544 3536 codd.
553 3479 681 3553 plerique
694 3478 813 3536 resoluit
826 3480 900 3536 codd.
915 3498 1006 3537 omnes
1027 3479 1135 3538 resolui
1156 3500 1212 3556 ego.

164 3579 222 3648 684
246 3576 379 3652 signique
400 3577 541 3652 onerique
564 3574 631 3634 Cus.
654 3595 670 3633 o
692 3576 789 3652 sigmo
810 3577 929 3653 uerique
958 3577 1045 3635 Voss.²
1066 3577 1212 3654 signoque

162 3676 302 3751 onerique
331 3671 453 3734 Voss.¹b
496 3675 605 3732 iuuauit
629 3675 704 3732 codd.
725 3694 815 3732 omnes
834 3674 942 3734 leuauit
963 3672 1109 3733 Stoeberus
1130 3675 1212 3734 Tau-

162 3791 285 3850 rumque
310 3773 457 3831 resoluens
480 3771 629 3844 Quaerere
651 3791 737 3848 passa
757 3772 810 3831 sibi
832 3783 875 3830 est
896 3773 1029 3851 ignisque
1051 3774 1211 3850 onerisque

163 3871 300 3929 iuuamen
321 3871 442 3929 Huetrus
463 3869 598 3929 Condere
622 3889 709 3947 passa
735 3889 803 3929 suos
829 3871 904 3946 ignis
925 3870 1092 3947 Venerique
1118 3872 1211 3946 iugari
