2760 4448
607 270 653 318 IV
1086 276 1144 340 131

142 428 268 506 Negauit
295 428 443 490 Bentleius
470 447 541 488 xvnr
569 433 635 488 ante
664 448 717 488 xrrr
742 429 812 506 poni
837 429 984 508 potuisse;
1020 430 1147 489 scriben-

99 526 229 606 dumque
292 607 295 612 .
536 610 539 615 Q

222 625 324 685 Tertia
345 635 373 684 et
394 624 575 697 undecimae,
597 624 787 702 decimaeque
808 635 836 685 et
857 627 981 703 septima
1001 627 1107 686 iuncta.

139 736 221 796 Alias
242 748 327 808 certe,
342 746 439 814 partes
460 735 647 795 dinumerans
668 755 744 812 quae
765 737 795 794 in
817 737 937 831 singulis
959 737 1049 814 signis
1071 747 1146 808 sunt¹

99 834 206 894 iustum
220 835 353 893 ordinem
368 852 557 893 numerorum
572 834 710 894 Manilius
725 836 858 893 seruauit.

140 933 196 992 Ast
219 933 265 992 hic
290 951 379 992 causa
400 935 516 992 suberat
536 934 693 1009 quominus
716 933 747 991 id
771 933 894 1006 laceret3
922 934 1013 992 modo
1034 933 1147 992 dixerat

98 1035 214 1108 sephina
228 1034 338 1090 rhutr'lr's
352 1038 447 1090 aestu:
466 1032 594 1091 eundern
610 1050 765 1091 numerum
785 1032 927 1092 rhetorice
948 1034 1090 1110 repetiuit,
1106 1033 1147 1092 rei

98 1149 153 1206 per
170 1149 202 1190 se
221 1131 397 1190 iniucundae
416 1131 582 1191 arcessitam
596 1130 755 1209 quamdam
773 1141 802 1191 et
820 1132 964 1208 poeticam
978 1132 1147 1208 dignitatem

99 1229 313 1289 conciliaturus,
782 1217 789 1230 ⁵

139 1339 192 1397 IV.
205 1353 274 1414 477,
285 1342 344 1414 478
359 1340 401 1400 sic
416 1340 527 1399 suntin
541 1337 658 1399 Gembl.

222 1436 360 1514 Scorpius
380 1437 410 1495 in
430 1439 524 1515 prima
544 1457 609 1498 reus
630 1449 674 1498 est
694 1439 741 1498 cui
761 1439 845 1498 tertia
865 1457 933 1516 pars
954 1448 997 1500 est

220 1536 260 1595 Et
280 1546 362 1596 sexta
381 1545 410 1595 et
430 1535 556 1597 decuma
576 1546 605 1596 et
625 1543 720 1614 †quae
741 1548 785 1598 ter
805 1539 925 1616 quinta†
947 1547 1071 1598 notatur.

140 1662 199 1725 477
208 1670 261 1728 par
269 1649 408 1726 Scaliger.
440 1653 499 1726 478
511 1661 539 1710 et
549 1659 650 1729 quater
661 1653 761 1730 quinta
775 1671 804 1710 n.
826 1653 913 1712 Vorr.²
927 1659 953 1711 et
959 1655 1085 1729 plerique
1118 1663 1147 1711 et

97 1758 201 1826 quater
209 1750 337 1826 quinque
348 1767 376 1806 n.
392 1746 477 1806 Voss.¹
506 1749 545 1808 Et
555 1757 646 1822 sexta,
657 1761 685 1809 et
695 1750 807 1810 decima
818 1761 870 1822 est,
880 1762 909 1809 et
918 1770 994 1828 quae
1005 1762 1047 1810 ter
1058 1751 1147 1828 quina

97 1855 215 1906 notatur
228 1847 370 1906 Bentler'us
383 1847 422 1906 Et
436 1856 519 1906 sexta
533 1858 562 1906 et
576 1847 689 1907 decima
703 1860 790 1925 atque
805 1861 909 1925 quater
923 1868 998 1927 quae
1013 1851 1103 1927 quina
1117 1869 1145 1906 n.

97 1945 217 2004 Iacobus
231 1945 271 2004 Et
284 1955 365 2004 sexta
379 1955 407 2003 et
421 1945 534 2004 decima
548 1955 577 2004 et
595 1964 671 2023 quae
689 1965 757 2023 pars
777 1956 819 2005 ter
837 1948 927 2025 quina
945 1967 974 2008 n.
989 1947 1145 2007 Brer'terus.

96 2044 147 2102 An
161 2045 202 2104 Et
215 2063 238 2104 s.
253 2054 282 2103 et
296 2045 323 2103 d.
338 2053 367 2103 et
381 2054 482 2121 quater
495 2044 562 2103 hinc
577 2062 652 2121 quae
666 2045 771 2122 quinta
785 2047 835 2104 n?

139 2141 272 2221 Plerique
296 2142 440 2220 corruptis
465 2143 561 2202 uerbis
583 2160 658 2220 quae
680 2144 767 2202 obelo
792 2144 906 2221 signaui
929 2162 1084 2203 numerum
1107 2159 1144 2218 15

97 2243 217 2300 subesse
239 2242 428 2301 crediderunt.
470 2241 510 2299 At
533 2259 601 2301 cum
624 2260 749 2318 sequens
774 2239 858 2323 (479)
882 2262 1019 2302 numerus
1046 2262 1082 2301 22
1109 2243 1146 2301 sit

98 2338 280 2418 (undecimam
290 2338 451 2418 geminans)
464 2349 560 2416 potest
574 2339 620 2399 hic
639 2340 726 2399 latere
747 2359 885 2401 numerus
900 2343 950 2418 qui
970 2341 1042 2399 infra
1064 2341 1144 2400 hunc

96 2439 141 2510 sit,
156 2438 246 2498 ueluti
262 2457 300 2496 20
315 2438 425 2515 (quater
437 2435 591 2515 quinque);
613 2456 669 2498 nec
679 2437 754 2497 male
768 2438 809 2499 sic
823 2439 983 2516 explicatur
994 2439 1145 2497 diuersitas

96 2536 242 2596 codicum.
272 2535 331 2596 Sed
339 2542 420 2610 arque
429 2535 554 2594 Iacobus
567 2553 628 2594 non
643 2535 719 2603 bene
732 2536 898 2608 inuehebat‚
907 2554 967 2612 quo
982 2537 1145 2612 languescit

95 2634 263 2712 rhythmus:
281 2633 465 2711 praetulerim
479 2640 505 2691 et
516 2641 614 2710 quater
627 2635 692 2692 Irr'rzc
705 2655 775 2709 quae
787 2638 893 2710 quinta,
903 2647 934 2694 ut
948 2637 1014 2693 dinc
1028 2635 1064 2693 sit
1078 2644 1145 2711 post

96 2733 250 2793 decimam.

136 2843 190 2904 IV.
206 2847 275 2916 486,
291 2848 348 2917 487
366 2844 407 2903 sic
422 2852 489 2902 sunt
506 2844 536 2901 in
552 2842 668 2902 Gembl.

218 2941 283 3002 Nec
304 2961 370 3019 pars
391 2941 522 3018 optanda
540 2951 585 3000 est
606 2941 776 3018 Capricorni
798 2943 921 3018 septima
942 2961 1038 3002 nonae

218 3039 371 3100 Consentit
392 3041 604 3118 decumamque
625 3059 751 3118 sequens
772 3059 862 3118 quam
883 3042 966 3100 tertia
987 3042 1083 3118 signat

94 3176 175 3218 nona
189 3156 332 3215 Bentleius
373 3175 469 3216 nonae
484 3159 559 3215 codd.
575 3175 672 3215 ornnes.

136 3256 254 3315 Frustra
281 3255 431 3314 Bentleius
455 3256 600 3331 ingratam
624 3257 771 3329 παρήχησιν
794 3256 890 3315 uersui
920 3256 1015 3314 intulit
1040 3266 1143 3314 contra

93 3355 219 3414 codices.
272 3353 350 3412 Nam
375 3372 444 3411 cum
467 3364 564 3430 partes
589 3368 614 3428 7,
638 3374 665 3429 9,
691 3374 727 3429 13
749 3355 856 3431 pariter
879 3373 983 3412 omnes
1004 3363 1141 3425 noceant,

93 3451 165 3528 quid
180 3451 264 3511 refert
281 3454 421 3528 septimae
435 3469 523 3522 nona,
539 3470 577 3510 an
591 3471 687 3510 nonae
701 3453 823 3528 septima
834 3453 996 3511 consentire
1011 3450 1143 3510 dicatur?

93 3551 197 3609 Vnum
211 3549 424 3626 respiciendum
438 3561 499 3608 erat
513 3568 550 3608 ne
565 3568 666 3609 uersus
681 3569 767 3626 asper
780 3551 925 3609 euaderet.

134 3666 188 3724 IV.
205 3669 272 3739 518,
289 3679 348 3740 519
364 3664 404 3724 sic
420 3674 520 3724 extant
534 3666 564 3723 in
580 3665 697 3724 Gembl.

217 3767 257 3822 At
278 3781 353 3840 quos
373 3765 466 3841 prima
487 3773 585 3823 creant
606 3765 752 3822 nascentis
773 3763 877 3839 sydera
898 3764 971 3821 tauri

217 3863 356 3922 Feminea
377 3864 492 3938 iacesfs
512 3881 567 3921 nec
589 3863 676 3940 longe
698 3863 931 3940 causatpetenda
952 3872 1002 3920 est.

591 3982 610 4020 r<
628 3982 642 4018 2
