2760 4448
166 287 228 347 242
448 281 502 329 AD
524 280 679 329 ARATEA
706 280 926 330 GERMANICI

285 438 456 516 Egocheros
477 439 532 497 alia
554 437 636 518 (alias
657 437 797 518 Einszed.)
820 437 931 515 spargit
951 446 980 496 et
1001 437 1110 512 frigora
1132 435 1214 495 durat

164 564 273 641 optime
288 564 329 622 sic
345 562 471 622 correxit

285 672 473 749 Aegoeheros
494 673 557 732 aliis
577 674 676 750 parcit,
698 673 751 732 sed
771 673 879 750 frigora
900 672 982 731 durat

164 786 194 843 in
207 804 268 844 uno
286 794 383 843 tamen
398 783 537 860 deceptus
551 785 631 861 quod
646 787 720 842 aleier
738 803 799 844 non
818 784 972 842 retinuerit.
1008 782 1095 840 Alias
1109 782 1157 841 hic
1172 791 1216 841 est

163 884 226 942 aliis
253 884 283 941 in
307 884 402 954 rebus,
426 881 616 955 ‘elsewhere‚'
638 883 672 943 cf.
696 883 769 942 Plin.
793 883 833 942 H.
855 883 894 942 N.
917 901 982 940 xxv.
1009 901 1042 938 11
1069 881 1215 939 Homerus

163 984 289 1058 quedem.
305 1026 312 1039 .
328 1026 335 1039 .
350 982 451 1038 multus
466 983 540 1040 aliar
554 985 583 1041 e'n
598 984 781 1040 admiratione
793 981 903 1051 Circae,
915 983 1041 1057 gloriam
1059 980 1213 1038 herbarum

164 1081 288 1161 Aegypto
308 1080 415 1150 tribuit,
436 1080 486 1137 ubi
507 1082 582 1139 ale'os
602 1091 645 1140 est
666 1082 768 1140 ceteris
789 1082 819 1138 in
840 1082 935 1151 rebus
957 1089 1082 1156 excepto
1107 1097 1214 1156 genere

162 1178 326 1252 herbarum,
342 1188 373 1236 ut
395 1179 508 1236 monuit
530 1179 667 1238 Handius
682 1180 836 1238 Tursellin.
853 1180 870 1238 i.
886 1198 914 1256 p.
931 1199 999 1252 224.
1040 1179 1080 1236 Et
1095 1178 1137 1237 sic
1152 1178 1213 1254 ipse

165 1277 359 1337 Germanicus
372 1279 429 1348 642
441 1285 525 1353 ceput
536 1274 651 1337 abditur
662 1283 718 1355 ipre
732 1279 853 1354 Regalis
866 1277 990 1354 Cepheus
1000 1278 1076 1335 aleos
1090 1279 1213 1335 retectus

164 1377 199 1434 ab
213 1379 303 1436 under.

203 1477 241 1534 iii.
256 1475 385 1554 Breysig,
400 1479 435 1535 iv.
450 1475 580 1535 Bahrens

201 1590 262 1660 5‚6
284 1586 347 1646 Nec
368 1607 458 1664 pecus
479 1589 510 1644 in
530 1586 591 1645 fetu
611 1585 697 1657 fallet,
718 1605 796 1644 noua
817 1588 902 1644 turba
923 1597 1041 1662 repente

285 1685 399 1762 Mugiet
420 1705 437 1744 e
458 1685 585 1756 stabulis
607 1685 664 1744 alto
686 1684 792 1742 balabit
813 1685 891 1744 ouili.

164 1816 277 1876 Rursus
293 1816 428 1876 Grotium
443 1835 606 1893 conqueror
620 1826 784 1892 grassatum
804 1816 937 1875 licentius
950 1833 1018 1875 cum
1032 1817 1089 1875 alto
1103 1817 1134 1874 in
1149 1823 1209 1875 arte

163 1917 336 1987 immutaret,
365 1935 434 1974 nam
463 1936 500 1975 ne
528 1916 588 1992 lupi
621 1915 709 1974 ouilia
739 1915 939 1987 transsilirent,·
965 1916 1023 1973 alte
1051 1916 1211 1975 munienda

163 2024 253 2073 erant.
295 2014 470 2074 Praescribit
490 2033 560 2072 sane
574 2013 739 2072 Columella
758 2012 873 2072 tuendis
891 2015 996 2073 ouibus
1012 2013 1133 2072 humilia
1151 2014 1210 2072 fieri

163 2113 275 2170 stabula
302 2122 437 2188 oportere
462 2113 507 2170 vii.
534 2132 561 2187 3.
588 2114 624 2170 8⁷:
644 2111 737 2170 idem
765 2121 863 2169 tamen
891 2111 944 2170 l.c.
971 2112 1052 2171 addit
1080 2112 1210 2171 chortem

163 2209 279 2268 sublimi
301 2212 426 2270 macerie
447 2209 686 2287 praeponendam
708 2227 771 2267 esse
792 2210 954 2282 uestibulo;
984 2228 1142 2286 rursusque
1160 2211 1210 2268 ubi

164 2309 303 2384 praecipit
318 2309 354 2367 de
370 2309 489 2367 stabulis
510 2326 649 2384 pecorum
665 2325 741 2384 quae
760 2309 835 2366 intra
849 2307 948 2366 uillam
963 2326 1026 2367 esse
1045 2310 1210 2376 conueniat,

163 2405 234 2464 haec
257 2407 343 2465 edicit
366 2408 383 2465 i.
407 2410 434 2467 6.
458 2427 476 2480 4
500 2414 568 2464 sunt
587 2427 625 2466 ex
644 2413 728 2481 parte
751 2413 818 2463 tecte
841 2407 908 2476 loce,
930 2426 969 2465 ex
987 2414 1079 2482 perte,
1092 2408 1144 2466 rub
1167 2409 1211 2464 dio

159 2506 313 2579 parietibus
347 2507 415 2563 altis
448 2507 659 2581 cz'rcumsoepte,
689 2511 722 2561 ut
751 2506 810 2561 illic
838 2515 893 2580 per
927 2505 1048 2576 hiemem,
1081 2505 1129 2563 ln'c
1156 2516 1211 2582 per

163 2609 290 2660 aestatem
313 2606 372 2661 seire
396 2605 526 2662 uiolentia
549 2604 689 2682 seramm
717 2604 917 2677 conquiescant.
974 2601 1125 2662 Maximus
1152 2607 1211 2678 περὶ

163 2708 296 2773 καταρχῶν
311 2717 369 2775 514
385 2700 526 2760 Ludwich
541 2703 611 2756 ἀλλά
624 2703 659 2757 σύ
677 2725 721 2773 μοι
737 2704 851 2773 τῆμόσὸε
869 2705 962 2768 βάλοις
977 2704 1115 2775 περιμήκεα
1133 2706 1212 2774 σηκὸν

156 2796 284 2871 Ἀρνασιν
298 2798 335 2869 ἧδ’
351 2798 477 2872 ἐρίφοισι.

226 2928 264 2987 54
286 2915 444 2990 Temperat
465 2916 495 2972 in
517 2915 640 2990 geminis
663 2932 790 2986 annum3
826 2933 881 2973 nec
903 2915 988 2974 erede
1009 2933 1123 2988 seren0,

286 3011 395 3070 Nubila
416 3030 470 3070 nec
491 3013 628 3071 diuturna
648 3023 741 3088 putes,
764 3031 832 3071 cum
854 3012 948 3072 sidere
969 3015 1067 3072 cancri

284 3108 407 3168 Fulserit
427 3111 554 3170 ardentis
574 3109 632 3169 hoc
652 3111 683 3168 in
705 3111 787 3170 litore
804 3121 923 3169 certum.

165 3225 345 3285 Sententiam
360 3227 418 3286 loci
432 3228 577 3304 perspexit
592 3226 788 3286 Baehrensius
802 3245 870 3286 cum
883 3247 911 3285 u.
929 3232 966 3302 56
981 3228 1022 3287 sic
1036 3228 1135 3287 ederet

286 3342 407 3401 Fulserit
428 3342 555 3401 ardentis
577 3343 647 3400 nihil
668 3343 725 3401 hoc
746 3344 777 3400 in
797 3343 911 3420 fulgore
932 3354 1052 3402 certum.

165 3455 222 3514 Sed
239 3458 360 3533 fulgore
382 3455 535 3535 (sulgrrtre)
556 3477 616 3518 non
638 3467 714 3516 recte
735 3459 890 3517 diuinauit:
921 3478 976 3518 nee
997 3458 1091 3535 placet
1113 3462 1212 3533 redere,

164 3555 244 3630 quod
260 3555 386 3615 Grotius.
430 3557 563 3615 Fortasse
585 3559 678 3629 leonte,
697 3555 759 3615 h.e.
777 3558 806 3615 in
828 3557 873 3615 his
893 3558 1008 3629 finibus
1025 3576 1093 3616 cum
1108 3558 1214 3618 Venus

164 3654 193 3710 in
209 3653 325 3713 Cancro
341 3665 391 3726 est,
408 3674 463 3714 nec
478 3655 548 3712 dum
563 3655 683 3714 ulterius
699 3667 821 3732 euagata
835 3667 886 3715 est.

225 3772 260 3826 61
286 3769 372 3828 Nunc
394 3790 511 3846 quoque
533 3771 611 3828 nulla
631 3771 703 3829 fides
724 3773 838 3830 caelum
861 3790 928 3830 curn
949 3773 1086 3849 scorpion
1109 3791 1178 3832 acer

287 3866 348 3925 Stat
370 3887 463 3946 super.
