2760 4448
676 258 712 308 Il
1176 269 1215 335 31

506 332 518 373 1

154 433 290 499 ‚ConsoL
305 435 380 493 xviii.
398 454 420 505 2„
429 436 528 512 uidetis
541 442 707 494 nocturnam
729 437 812 495 lunae
832 439 1031 509 successionem,
1046 457 1065 496 a
1067 438 1219 516 fraternis

166 534 326 593 occursibus
346 537 403 594 lene
422 537 621 611 remissumque
640 536 732 593 lumen
751 542 918 594 mutuantem
939 543 967 595 et
984 537 1060 595 modo
1076 539 1220 611 occultam,

165 635 244 693 modo
254 641 306 693 toto
314 652 360 692 ore
371 635 455 692 terres
469 635 660 705 imminentem,
671 635 870 693 accessionibus
880 635 1042 711 damnisque
1051 636 1217 710 mutabilem,

164 743 270 809 semper
275 733 431 808 proximae
442 733 612 791 dissimilem.
655 732 724 791 Hoc
738 733 880 804 0111011111,
895 733 1083 792 scribendum
1098 735 1150 793 erit

289 830 339 889 Tu
361 848 477 908 quoque
498 831 630 890 fraternis
651 831 745 890 credis
766 829 875 910 (reddis
885 828 908 909 1)
927 832 951 890 si
972 832 1139 892 occursibus
1153 850 1217 894 ora.

207 930 248 989 II.
273 932 329 988 118
1040 949 1041 952 ¹

300 1027 515 1104 Signorumque
536 1026 642 1086 choros
663 1046 697 1086 ac
718 1027 822 1085 mundi
841 1027 978 1087 flammea
999 1037 1075 1088 tecta

207 1124 403 1186 Wakefieldus
429 1125 468 1184 ad
496 1124 611 1185 Lucret.
640 1126 657 1185 1
683 1144 759 1201 1013
789 1127 888 1203 templa
916 1127 1100 1204 corrigebat3
1128 1126 1217 1204 idque

164 1243 269 1285 uerum
282 1225 407 1284 uidetur.
961 1247 963 1252 ·

206 1325 247 1383 II.
269 1338 411 1398 124,125

696 1421 837 1498 caeloque
859 1422 972 1480 ueniret

288 1519 378 1592 Quod
398 1528 485 1577 uocat
507 1520 538 1576 in
559 1519 673 1578 caelum
694 1537 776 1579 sacra
797 1520 835 1579 ad
856 1520 1034 1579 commercia
1055 1538 1160 1581 rerum.

164 1619 214 1678 Sic
239 1618 364 1678 codices.
407 1617 518 1678 Nescio
543 1619 621 1677 unde
643 1618 770 1678 Iacobus
792 1618 915 1677 intulerit
938 1621 1100 1677 commercia
1124 1620 1216 1679 caeli:

162 1729 242 1778 certe
266 1719 297 1776 in
318 1717 435 1776 Gembl·
457 1717 537 1775 etin
558 1715 678 1776 Cusano
701 1735 771 1776 cum
792 1727 915 1794 utroque
937 1717 1100 1777 Oxoniensi
1121 1738 1216 1778 rerum

162 1817 272 1876 inueni.

205 1916 246 1974 ΙΙ.
271 1932 409 1989 119-133
431 1913 473 1972 sic
487 1912 583 1972 traditi
598 1923 664 1972 sunt
678 1913 709 1971 in
723 1912 841 1973 Gembl.

289 2011 347 2072 Sed
368 2031 406 2071 ne
428 2012 576 2071 *circuitu
596 2012 686 2088 longo
708 2013 862 2071 manifesta
882 2013 1045 2089 probentur

208 2130 267 2187 130
288 2111 357 2188 Ipsa
378 2110 451 2170 fides
472 2110 554 2187 operi
574 2110 660 2170 faciet
680 2110 854 2188 pondusque
875 2111 1022 2186 fidemque

288 2209 368 2267 Nam
388 2227 483 2284 neque
505 2208 645 2286 decipitur
666 2210 739 2269 ratio
760 2228 814 2268 nec
837 2209 943 2285 decipit
965 2226 1096 2285 unquam

288 2306 355 2366 Rite
376 2306 504 2366 secunda
523 2307 571 2366 uia
592 2316 636 2366 est
657 2326 693 2367 ac
714 2308 790 2366 ueris
812 2308 922 2367 credita
943 2308 1038 2367 causis

286 2407 476 2483 Euentusque
497 2405 581 2464 datur
601 2406 695 2483 qualis
716 2406 893 2483 praedicitur
913 2414 989 2464 ante.

210 2524 267 2579 1²9
282 2505 417 2563 uidentur
433 2502 500 2563 Cus.
515 2509 541 2562 et
557 2504 692 2565 Vossiani.
716 2523 771 2580 132
789 2504 915 2564 secanda
928 2523 944 2562 0
957 2510 983 2562 et
993 2504 1032 2562 eol.
1042 2503 1126 2562 Rom.
1139 2518 1217 2580 1510

242 2618 252 2650 1

163 2687 269 2743 causas
285 2667 319 2728 C.

208 2767 299 2843 Quod
316 2767 470 2843 probentur
492 2765 608 2826 Gembl.
633 2768 765 2826 uiolentur
787 2767 857 2827 Cus.
882 2777 910 2826 et
932 2766 1071 2826 Vossiani
1099 2766 1217 2838 habent,

163 2865 223 2925 hoc
241 2866 363 2926 alterum
376 2868 507 2924 uibmtur
520 2884 556 2925 ex
571 2873 714 2924 morentur
731 2867 863 2924 uitiatum
877 2884 951 2938 reor,
968 2865 1218 2942 quemadmodum

948 2978 979 3010 ul

164 3031 195 3088 in
219 3043 288 3106 437,
310 3028 360 3087 ubi
378 3029 409 3087 in
430 3029 531 3089 ceteris
554 3027 705 3088 codicibus
729 3049 818 3088 mores
841 3039 892 3101 est,
915 3047 1004 3086 mores
1022 3027 1053 3086 in
1074 3048 1089 3086 0
1110 3029 1219 3088 inueni.

165 3128 247 3186 Tum
261 3147 290 3188 u.
308 3146 365 3203 130
371 3127 447 3205 fides
461 3125 595 3187 Bentleio
609 3137 653 3186 est
672 3132 734 3186 ‘res
748 3128 819 3205 ipsa,
834 3128 898 3205 ipsa
912 3127 1019 3186 scilicet
1032 3127 1218 3203 experientia,

164 3229 229 3304 ipse
257 3226 396 3287 euentus'
446 3223 522 3284 Mihi
555 3226 669 3285 uidetur
696 3226 795 3302 potius
820 3244 885 3285 esse
912 3227 1060 3296 ἀξιοπιστία
1089 3234 1218 3297 naturae,

200 3425 215 3459 *
234 3421 328 3470 Mirum
342 3426 380 3471 est
394 3420 462 3485 quod
477 3420 503 3470 in
515 3418 599 3469 Voss?
609 3419 691 3468 inueni
701 3420 804 3468 circuite
818 3421 907 3482 longa:
928 3435 987 3467 nam
999 3419 1065 3482 quod
1082 3419 1219 3482 suspicatus

164 3504 242 3548 eram,
255 3488 302 3536 sub
313 3488 352 3536 his
362 3486 439 3536 latere
450 3486 539 3535 circata
550 3502 562 3534 c
574 3487 654 3548 longa,
666 3485 693 3532 id
705 3485 776 3534 locus
787 3486 829 3533 uix
840 3485 959 3534 admittit.
991 3485 1107 3546 κρικωτῆς
1117 3483 1219 3546 σφαίρας

164 3549 640 3617 0100ερ11001000111111101111010011οὴν
651 3551 767 3599 describit
779 3551 898 3600 Geminus
906 3551 985 3599 Elem.
994 3551 1095 3599 Astron.
1105 3566 1130 3614 p.
1141 3563 1169 3611 51
1180 3550 1219 3608 D;

166 3620 198 3668 cf.
208 3618 273 3668 Ptol.
284 3618 375 3682 Geogr.
383 3617 424 3666 vii.
434 3616 457 3666 6.
484 3618 558 3665 Mart.
569 3615 666 3680 Capell.
674 3617 725 3664 viii.
736 3617 783 3678 815
796 3616 952 3680 nequeenim
964 3617 1008 3664 uel
1016 3631 1087 3663 anem
1096 3616 1219 3678 polosque,

167 3701 227 3748 quos
248 3684 278 3732 in
296 3683 402 3746 spbaero
421 3698 496 3732 aenea
515 3697 578 3747 quae
598 3679 703 3742 10110111
721 3681 821 3740 dicitur,
841 3681 876 3728 ael
891 3680 1071 3744 intellegentiae
1082 3681 1219 3742 conpendia

166 3750 276 3813 adficere
289 3748 411 3808 mortales,
423 3763 463 3812 ego
478 3748 560 3796 robori
576 3746 719 3795 mundanae
736 3747 843 3795 rationis
859 3754 988 3810 opponam.
1024 3744 1088 3794 Gell.
1103 3745 1137 3795 iii.
1153 3759 1190 3794 10.
1204 3759 1218 3805 3

166 3814 264 3863 sedeas
282 3814 372 3878 (polos)
390 3813 420 3862 in
435 3814 541 3877 sphaera
560 3828 622 3877 quac
639 3813 743 3875 1011011)
761 3819 867 3862 uocatur
881 3819 984 3876 pnepter
1000 3811 1147 3860 breuitatem
1167 3827 1218 3860 non

166 3895 251 3928 inesse.
