2760 4448
220 269 283 337 166
523 279 670 332 necrus
689 279 939 333 MANJLJANAE

260 439 370 501 Nescio
390 448 489 499 tamen
509 458 548 499 an
568 458 629 501 non
653 439 803 500 retinenda
827 440 864 499 sit
885 436 971 499 lectio
991 437 1213 499 Gemblacensis
1236 446 1267 498 et

218 538 425 616 plurimomm:
458 540 582 597 cecz'rir‘sse
602 556 690 598 causa
711 538 789 615 apud
810 538 936 598 iudicem
957 539 1102 597 menbrum
1120 536 1268 597 malorum

219 638 340 697 habetur
350 639 419 714 quia
430 637 647 696 damnationem
659 647 688 695 et
698 655 826 713 poenam
838 637 948 696 crimen
960 646 988 694 et
999 637 1083 713 culpa
1094 636 1267 695 antecessit:

220 732 289 794 nam
309 737 339 794 in
358 735 443 813 culpa
462 745 491 795 et
511 735 620 812 flagitio
638 733 798 812 gloriantur
814 736 865 813 qui
883 736 938 794 sub
962 733 1076 794 Haedis
1097 735 1158 793 nati
1183 741 1268 805 sunt;

218 837 323 894 ur'ctunr
344 834 543 893 accusatiuum
565 833 640 893 facio
661 832 711 910 qui
735 852 787 910 per
809 835 987 909 βραχυλογίαν
1009 832 1168 909 quamdam
1193 832 1268 892 refe·

219 942 297 992 ratur
317 932 356 991 ad
375 931 543 1010 opinionem
558 932 619 992 siue
635 932 727 1009 ipsius
742 931 870 991 damnati
887 931 947 991 siue
965 929 1000 990 de
1017 949 1054 990 eo
1069 931 1269 990 sermocinan-

219 1033 308 1091 tium:
331 1049 400 1089 nam
415 1031 445 1088 in
459 1031 519 1090 istis
536 1032 682 1089 minimum
696 1032 801 1088 malum
815 1036 856 1087 est
874 1030 943 1089 latet
956 1029 1037 1090 notio
1050 1029 1176 1089 uerbalis
1189 1029 1271 1088 uelut

219 1129 345 1186 creditur
358 1128 419 1187 siue
433 1130 553 1200 credunt,
569 1129 651 1204 quasi
665 1128 773 1188 dictum
795 1137 890 1187 esset:
913 1127 1050 1187 cecidisse
1071 1146 1161 1187 causa
1182 1128 1271 1185 mini-

219 1245 302 1303 mum
322 1226 465 1286 malorum
485 1226 613 1298 habetur,
628 1211 697 1302 quia
716 1227 836 1286 mimine
853 1227 962 1285 uictum
981 1225 1104 1285 credunt
1118 1226 1271 1286 cecidisse.

219 1323 325 1400 Neque
339 1323 428 1384 hoca
447 1323 562 1384 Firmici
575 1324 672 1384 uerbis
685 1324 740 1383 viii.
756 1327 773 1383 6
788 1323 975 1401 br'praeterea
990 1323 1071 1400 (dicit
1088 1326 1142 1383 sub
1157 1323 1268 1384 Haedo

221 1407 319 1501 natos)
329 1423 500 1500 frequenter
519 1422 682 1481 libidinibus
701 1425 780 1498 capti
799 1429 826 1481 et
840 1426 1019 1499 praeposteri
1037 1425 1144 1481 amorr’s
1167 1423 1271 1481 studies

220 1522 347 1597 occupate·
372 1528 484 1580 mortem
505 1522 563 1580 sibi
583 1521 690 1597 inferre
712 1529 871 1596 coguntur:
899 1522 1049 1582 namhoc
1075 1520 1137 1579 uult
1161 1531 1270 1598 poeta;

220 1637 359 1678 uenerem
379 1619 518 1677 inlicitam
538 1619 608 1678 dum
629 1629 783 1691 sectantur,
804 1620 929 1679 accusati
949 1638 1038 1680 causa
1060 1620 1177 1690 cadunt,
1197 1638 1272 1697 qua-

220 1728 340 1796 propter
354 1716 439 1776 exilio
453 1716 499 1776 uel
512 1717 641 1795 pecuniis
654 1717 765 1778 multati
778 1727 902 1778 mortem
917 1717 972 1778 sibi
987 1728 1131 1796 coguntur
1145 1717 1261 1778 inferre.

223 1876 227 1881 ,
261 1813 299 1872 V.
318 1833 374 1886 124

224 1988 227 1993 Ι
344 1911 428 1971 Pacis
448 1911 524 1971 bella
544 1912 670 1989 probant
692 1931 835 1990 curaeque
856 1913 993 1973 alimenta
1015 1913 1188 1986 ministrant,

221 2029 364 2088 curaeque
378 2012 453 2069 codd.
467 2011 621 2088 furtimque
635 2009 778 2069 Bentlrr'ur
791 2014 907 2089 iraeque
925 2011 1099 2071 Thomasr'ur.
1177 2026 1180 2033 ’

263 2107 383 2186 Optime
399 2107 577 2168 Thomasius
591 2111 709 2185 uaeque.
751 2109 831 2182 Quid
845 2111 925 2169 enim
944 2111 1039 2189 aptius
1053 2111 1095 2169 ira
1108 2107 1150 2170 eis
1164 2109 1272 2187 quibus

220 2207 302 2266 nulla
322 2209 399 2283 quies
415 2208 516 2284 placet,
538 2225 612 2283 quos
632 2209 727 2265 sedr'tr'o
747 2209 903 2284 clamorque
924 2210 1031 2280 eleuant,
1052 2209 1103 2286 qui
1127 2206 1273 2266 Gracchos

221 2312 337 2365 tenentes
349 2304 460 2364 Rostra
474 2306 578 2377 uolunt,
593 2313 758 2381 montemque
771 2325 892 2380 sacrum,
907 2325 1041 2385 rarosque
1057 2306 1208 2379 Quirites?

263 2402 300 2463 V.
318 2406 384 2474 128,
403 2423 459 2478 129
474 2404 515 2462 sic
529 2413 632 2462 extant
645 2403 676 2461 in
690 2403 807 2463 Gembl.

345 2500 454 2560 Vltima
475 2501 595 2578 lanigeri
615 2520 683 2560 cum
703 2521 771 2579 pars
791 2502 952 2562 excluditur
971 2503 1050 2562 orbis

345 2599 430 2671 Quae
451 2609 545 2659 totum
565 2601 690 2659 ostendit
710 2601 793 2662 terris
812 2612 900 2678 atque
921 2603 995 2661 eruit
1015 2601 1102 2662 undis

222 2697 302 2758 orbis
323 2698 455 2757 Vossr'anr'
464 2698 528 2758 orbi
542 2698 582 2758 ob
596 2698 723 2775 Regiam.

264 2795 410 2855 Notabilis
433 2798 598 2871 βραχυλογία
621 2797 696 2856 inest
720 2797 816 2856 uerbis
839 2799 1005 2858 excludrlur
1024 2797 1094 2872 orbi,
1116 2815 1187 2857 nam
1211 2799 1276 2857 orbi

223 2893 347 2966 dutinus,
370 2913 431 2952 non
456 2893 599 2954 ablatiuus
621 2905 674 2954 est.
715 2895 787 2954 Vult
813 2908 900 2973 poeta
920 2896 1048 2956 Arietem
1069 2897 1169 2956 ultima
1190 2905 1273 2974 parte

223 2992 375 3052 exclusum
389 2992 484 3065 undis,
501 3001 595 3052 totum
610 3010 726 3070 surgere
741 3012 829 3070 supra
842 2994 1034 3068 horizontem,
1048 2995 1111 3055 siue
1125 2994 1196 3056 orbi.

265 3090 301 3148 V.
319 3108 458 3166 132-134

833 3190 880 3249 illa
900 3191 1012 3250 tonanti

346 3285 549 3346 Fundamenta
569 3285 648 3346 dedit
668 3298 829 3366 pectusque
849 3289 980 3366 impleuit
1000 3288 1104 3348 hiantis

347 3383 435 3444 Lacte
458 3403 519 3456 suo,
541 3385 620 3443 dedit
641 3395 670 3444 et
690 3385 794 3460 dignas
815 3385 853 3444 ad
874 3386 995 3446 fulmina
1015 3388 1099 3447 uires.

229 3505 242 3542 r
248 3502 284 3559 32
308 3483 427 3543 tonandi
446 3482 595 3542 Brez'terus
640 3503 695 3559 133
719 3483 902 3543 Nutrimenta
923 3485 1066 3562 Wlhofiur
1083 3492 1110 3544 et
1123 3486 1165 3545 sic
1178 3485 1275 3549 Bentt.

267 3581 391 3642 Olenien
405 3582 466 3641 siue
481 3581 632 3659 Capellam
646 3582 714 3641 dicit
725 3600 800 3659 quae
814 3583 916 3642 infanti
930 3583 996 3642 loui
1010 3583 1147 3644 alimenta
1157 3584 1276 3644 dedisse

224 3679 396 3755 fingebatur.
442 3697 471 3737 u.
488 3697 542 3754 132
559 3681 670 3737 tonanti
680 3679 823 3739 Breiterus
841 3681 872 3739 in
886 3683 1006 3740 donandi
1022 3683 1154 3755 mutauit,
1168 3683 1220 3741 uix
1236 3682 1276 3742 ad

225 3795 343 3834 sensum
359 3777 426 3835 satis
440 3786 514 3854 apte,
526 3778 661 3852 quamuis
675 3778 780 3854 111.97
788 3781 929 3854 proxztna
943 3781 1060 3839 contritot
1071 3782 1102 3838 in
1115 3800 1143 3838 re
1152 3780 1276 3839 Funda-

224 3881 314 3932 menta
331 3877 426 3935 domur
440 3874 591 3935 contulerit
600 3893 609 3948 ;
634 3894 704 3934 nam
723 3887 755 3936 ut
773 3877 845 3936 nihil
859 3878 954 3939 dicam
971 3879 1007 3941 de
1027 3879 1106 3939 inani
1119 3881 1276 3955 ταυταλαγὶα
