2760 4448
666 284 717 331 IJJ
1149 283 1208 350 115
1232 276 1235 281 '

161 460 308 521 uocabulo
330 461 451 519 dicimus
477 458 565 536 Angli
588 458 695 536 ‘strip'
733 459 791 518 Sed
813 476 882 516 uere
904 457 960 517 hoc
985 453 1122 517 traditum
1146 476 1210 517 esse

162 559 280 618 Gembl.
302 559 435 631 ostendit,
456 558 506 616 ubi
524 565 662 634 properat
685 569 800 634 campus
827 559 1004 633 destringere,
1033 556 1139 615 deinde
1167 557 1212 614 de-

161 661 310 734 stringunt
330 656 471 716 membru:
501 673 571 714 nam
596 657 619 714 si
643 657 725 715 daret
745 663 908 733 properant,
934 656 1001 715 dein
1029 665 1211 731 campus...

162 758 313 833 destringit
335 754 426 836 (quod
456 754 546 814 edidit
573 753 721 834 Iacobus),
746 756 841 830 magis
868 755 899 812 in
927 754 1137 813 dubitationem
1162 772 1209 812 res

162 855 282 926 ueniret,
312 872 379 914 cum
407 870 525 911 uersum
555 853 678 912 alterum
705 853 894 930 interpolator
928 853 1070 929 potuisset
1099 852 1212 910 inferre.

163 951 252 1011 Nunc
267 962 348 1028 grata
361 951 489 1029 quadam
505 951 695 1011 alternatione
710 969 831 1029 campus
844 952 997 1027 destringit
1006 968 1143 1022 cererem,
1159 950 1213 1008 uiri

163 1053 312 1121 membra;
335 1050 391 1110 hoc
405 1051 569 1126 quaesitum
583 1061 612 1109 et
626 1068 663 1108 ex
677 1068 760 1109 more
776 1048 903 1108 Manilii.

203 1169 232 1208 u.
248 1152 304 1224 631
329 1151 461 1207 ructatum
482 1147 562 1224 quod
583 1147 694 1206 habent
715 1149 839 1221 codices,
862 1147 1010 1226 eleganter
1031 1148 1159 1207 lacobus
1183 1147 1214 1203 in

164 1251 264 1306 ture'tas
285 1254 343 1305 turn
362 1245 536 1306 emendauit.
579 1244 637 1305 Sed
655 1246 812 1323 simplicius
828 1257 888 1305 erat
903 1249 1034 1305 ructatum
1059 1247 1090 1303 in
1109 1248 1214 1303 sectatu

164 1347 313 1421 refingere,
329 1344 410 1422 quod
429 1363 466 1403 ex
486 1344 627 1403 adiectiuo
644 1346 780 1420 treprdum
796 1346 955 1422 penderet:
976 1347 1066 1403 mures
1080 1346 1213 1402 ructatum

165 1445 245 1522 apud
260 1444 333 1503 Plin.
350 1443 391 1502 H.
407 1442 445 1501 N.
461 1443 516 1500 xiv.
535 1445 590 1500 118
606 1444 738 1519 reperies

209 1543 265 1601 ΠΙ.
281 1545 418 1618 637-641
436 1541 477 1601 sic
492 1551 592 1600 extant
606 1542 635 1599 in
649 1540 764 1601 Gembl.

289 1641 374 1700 Parte
395 1659 431 1700 ex
453 1640 576 1699 aduersa
597 1641 717 1698 brumae
740 1639 936 1716 Capricornus
957 1639 1078 1698 inertem

289 1740 350 1799 Ter
370 1738 506 1797 minimas
527 1738 607 1815 cogit
627 1737 708 1797 luces
728 1748 757 1797 et
777 1738 907 1796 maxima
929 1738 1024 1797 noctis

288 1837 440 1914 Tempora
460 1836 652 1913 producitque
673 1835 751 1894 diem
774 1838 966 1912 tenebrasque
988 1835 1107 1895 resoluit

207 1939 267 2009 640
289 1935 382 2012 Inque
403 1935 500 1993 uicem
520 1952 598 1993 nunc
620 1934 728 1992 damna
749 1928 820 2009 legit
839 1952 917 1992 nunc
938 1944 1072 2011 tempora
1094 1933 1217 2010 supplex
1258 1947 1261 1952 ·

290 2033 377 2091 Tunc
399 2032 473 2108 sugit
493 2033 588 2091 omnis
609 2051 679 2108 ager
699 2032 829 2091 clausum
850 2050 929 2091 mare
951 2032 1069 2091 condita
1090 2041 1193 2091 castra.

208 2135 267 2208 637
300 2151 337 2190 ex
372 2131 496 2190 aduerso
532 2129 618 2188 Voss.²
659 2132 780 2189 brumae
818 2129 949 2188 Vossz'um'
998 2132 1134 2188 brumam
1175 2129 1216 2187 bo

156 2232 284 2308 sortasse
311 2230 429 2288 Partem
457 2247 493 2287 ex
522 2227 645 2287 aduerso
673 2230 803 2287 brumae.
847 2230 904 2302 638
935 2227 990 2288 Per
1022 2228 1154 2285 Vossr'uur'
1172 2227 1217 2284 bo

168 2339 270 2389 noctes
292 2337 320 2386 et
341 2327 469 2385 maxima
491 2326 569 2396 luces
593 2324 660 2384 Cur.
713 2329 773 2398 640
793 2325 863 2402 legit
886 2345 938 2385 em.
961 2327 1011 2397 60,
1025 2334 1051 2384 et
1071 2326 1087 2383 b
1109 2326 1217 2401 quidem

167 2428 256 2503 spatie
274 2426 367 2484 relicto
394 2424 461 2482 facit
477 2424 516 2482 ed.
530 2422 614 2482 Rom.
638 2441 715 2500 1510
735 2442 814 2483 nunc
832 2423 900 2482 lacit
917 2424 1036 2501 quidem
1052 2424 1091 2480 ed.
1108 2422 1217 2480 Bom'u-

167 2527 272 2585 coutrri'
317 2523 413 2600 suplet
448 2521 534 2580 Voss.²
561 2523 675 2599 supplet
711 2520 800 2583 Voss.¹
828 2523 889 2580 bo,
947 2525 1003 2594 641
1034 2521 1096 2598 figit
1131 2519 1218 2578 Voss.2

167 2625 241 2702 riget
262 2623 316 2681 bo.

209 2723 267 2796 637
287 2720 401 2778 brumae
415 2717 531 2777 codices
545 2719 721 2796 antiquiores
736 2719 922 2790 tradiderunt,
936 2739 975 2778 ex
988 2719 1106 2776 aduerso
1119 2717 1219 2777 Voss²

168 2820 227 2878 His
258 2818 377 2877 retentis
406 2816 498 2874 Parte
527 2816 558 2874 in
585 2816 681 2876 Parte·
705 2818 835 2894 refing03
872 2835 941 2875 narn
969 2837 1007 2876 ex
1034 2817 1151 2874 aduerso
1183 2834 1220 2875 ex

170 2920 228 2992 658
255 2916 336 2974 Huic
359 2936 398 2975 ex
426 2916 542 2973 aduerso
564 2915 744 2992 'praesidium
771 2915 868 2976 habet.
924 2914 999 2974 Mox
1029 2917 1088 2989 640
1116 2916 1220 2973 damna

169 3017 243 3092 legit,
265 3013 346 3091 quod
366 3021 512 3090 praestant
535 3011 650 3072 Gembl.
672 3010 748 3072 Cus,
766 3013 846 3090 Lips.
870 3023 899 3072 et
919 3013 1066 3085 Vossiani,
1091 3032 1152 3072 non
1177 3023 1221 3071 est

169 3112 353 3183 mutandum,
382 3127 502 3190 quoquo
534 3112 623 3170 modo
651 3112 847 3188 explicaueris,
878 3112 939 3171 siue
967 3120 1010 3170 est
1038 3112 1221 3188 recognoscit

171 3211 274 3271 ‘takes
294 3220 363 3269 note
380 3207 429 3280 ol,'
447 3213 564 3286 ‘passes
581 3210 612 3267 in
629 3207 750 3282 review,'
768 3210 830 3269 siue
849 3210 1000 3268 tralatione
1018 3209 1104 3268 ducta
1125 3211 1163 3267 ab
1184 3227 1221 3267 eo

170 3311 221 3388 qui
235 3318 327 3368 tortus
335 3307 411 3366 lunis
422 3306 530 3366 sensim
539 3307 688 3384 recolligit,
701 3307 835 3385 ‘gathers
844 3308 892 3381 in,'
900 3307 1068 3384 priusenim
1079 3306 1222 3367 contrahit

171 3409 272 3466 funem
289 3423 360 3465 mox
376 3405 514 3466 aliorsum
528 3405 674 3465 laxaturus
691 3415 720 3465 et
738 3406 933 3482 explicaturus
949 3403 1082 3484 (tempora
1095 3405 1221 3482 supplet),

171 3506 233 3566 siue
248 3504 374 3581 denique
387 3512 432 3563 est
447 3509 455 3534 ‘
462 3504 579 3581 gathers
592 3502 649 3580 up‚'
661 3513 692 3563 ut
706 3505 802 3581 potius
816 3521 899 3563 reor:
921 3513 1038 3581 sumpta
1052 3500 1223 3579 metaphora

172 3606 210 3663 ab
224 3622 262 3662 eo
276 3602 326 3680 qui
336 3620 411 3678 quae
426 3603 562 3662 manibus
576 3601 752 3675 exciderant,
762 3621 861 3662 rursus
875 3601 999 3677 sublegit
1014 3600 1221 3677 recolligitque.

172 3703 277 3779 Itaque
291 3719 352 3760 non
372 3701 413 3760 sic
430 3709 617 3778 opponuntur
636 3702 740 3759 dumne
754 3702 828 3777 leget,
843 3709 965 3777 tempera
982 3701 1088 3776 supplet
1105 3709 1135 3756 ut
1154 3698 1224 3756 illud

173 3800 211 3860 ad
230 3799 292 3857 Per
312 3801 445 3858 mersurus
464 3801 538 3875 cogit
554 3801 625 3857 luces
641 3805 668 3857 et
684 3801 814 3857 maxima
836 3800 922 3858 nectes
944 3797 1087 3873 limpore,
1104 3797 1160 3856 hoc
1186 3799 1224 3856 ad

169 3900 351 3976 productique
365 3899 434 3957 diem
449 3899 623 3972 tenebrasque
636 3899 753 3955 resoluit
764 3897 908 3969 referatur,
925 3896 977 3955 sed
991 3895 1107 3972 fingitur
1121 3895 1224 3972 Capri·

684 4015 725 4054 12
