2760 4448
605 262 641 314 11
1102 264 1147 334 45

93 418 184 499 ioqui.
225 419 266 480 At
295 419 326 480 in
351 439 410 497 332
435 415 581 498 qualerna,
605 439 669 481 non
696 422 839 498 quadrato
868 422 1053 482 scribendum
1081 441 1147 483 esse

93 520 203 579 clamat
230 518 347 580 Gembl.
370 531 399 580 et
423 521 567 580 sermonis
595 521 766 598 proprietas,
793 539 861 581 cum
889 539 985 597 neque
1012 519 1175 598 quadrati'

93 620 237 695 quadrata
255 619 393 696 quadrati
408 618 521 696 placeat
539 629 582 678 ter
597 619 758 698 repetitum,
773 629 803 680 et
819 626 957 697 quaterno
970 620 1148 698 respondeat

92 719 181 776 trrirzi
197 736 265 792 334.

135 816 179 874 11.·
192 830 249 891 337
273 815 314 874 610
332 815 443 874 suntin
458 815 574 876 Gembl.

216 915 256 972 Et
276 914 468 992 quiscumque
488 924 590 992 quater
610 914 723 975 cunctis
744 915 822 975 fauet
843 916 969 992 angulus
990 935 1085 995 usque

218 1012 363 1089 Quaeque
383 1013 450 1073 loca
471 1014 501 1072 in
522 1014 626 1091 triplici
648 1014 767 1091 signarit
788 1015 865 1073 linea
886 1016 984 1073 ductu.

137 1110 261 1189 Quaque
282 1109 368 1169 Voss?
383 1110 450 1183 Que
464 1131 488 1171 o.
531 1113 658 1189 signauit
678 1112 765 1172 Voss.²

136 1209 194 1270 Pro
213 1211 318 1268 cunctis
340 1208 468 1286 Scaliger
488 1211 564 1271 coni.
579 1212 690 1284 iunctis,
705 1211 854 1270 Bentleius
875 1213 987 1270 zanetus
1008 1211 1145 1272 malebat.

95 1309 156 1369 Sed
169 1310 273 1367 cunctis
287 1327 324 1366 ex
338 1309 427 1366 ductes
440 1309 487 1367 uel
501 1311 599 1367 ductus
613 1318 782 1386 corruptum
796 1309 894 1381 credo,
912 1311 986 1369 sicut
999 1310 1023 1369 1.
1040 1312 1098 1369 868
1114 1311 1145 1368 06

94 1410 178 1467 ducto
195 1407 360 1466 factumest
376 1407 407 1466 ob
422 1415 530 1469 cuncto.
572 1408 620 1467 Sic
640 1412 697 1484 367
714 1411 811 1468 ductus
827 1411 903 1467 locus
919 1411 945 1467 it
956 1420 1008 1485 per
1021 1413 1145 1469 tranrz'la

92 1509 186 1583 rigna.
229 1505 287 1565 Pro
302 1504 347 1564 Et
358 1506 389 1564 16
404 1521 462 1582 337
478 1507 663 1583 praetulerim
676 1507 727 1565 At.

135 1605 176 1663 ΙΙ.
191 1608 249 1680 358
265 1622 330 1682 sqq.
353 1605 394 1663 sic
408 1615 509 1664 extant
523 1605 554 1663 in
569 1605 686 1665 Gembl.

226 1699 267 1750 uel
284 1701 359 1750 deuia

217 1769 373 1846 Dubiaque
394 1768 510 1828 alternis
532 1769 599 1828 data
621 1780 690 1828 sunt
711 1771 889 1829 commercia
910 1770 1001 1847 signis

217 1867 322 1926 Mutua
343 1885 398 1926 nec
419 1885 529 1944 magno
551 1886 697 1928 consensu
718 1868 835 1928 faedera
857 1879 975 1928 seruant

139 1966 460 2042 3601nuitaangusto
482 1965 562 2043 quod
584 1966 661 2026 linea
681 1967 802 2025 flectitur
823 1969 894 2027 orbe

217 2061 297 2122 Nam
318 2082 386 2122 cum
406 2082 460 2140 per
480 2065 552 2122 tales
572 2064 734 2124 formantur
755 2065 867 2140 singula
888 2066 972 2124 limes

217 2161 334 2238 Sydera‚
355 2171 385 2220 et
404 2161 515 2222 alterno
536 2163 690 2222 deuertitur
712 2163 836 2239 angulus
857 2172 944 2224 astro.

136 2263 196 2336 358
224 2259 376 2337 Deuiaque
400 2262 501 2319 codices
524 2262 630 2336 reliqui
644 2268 759 2337 praeter
787 2259 874 2321 Voss?
898 2263 979 2320 curies
1001 2263 1144 2338 scriptura

92 2362 224 2436 dignosci
243 2379 297 2417 non
312 2365 431 2436 poterat.
473 2361 529 2434 361
554 2359 646 2436 sigula
675 2359 762 2418 Voss.²
784 2378 837 2437 per
861 2360 949 2419 calles
972 2361 993 2420 f.
1014 2378 1036 2420 s,
1058 2360 1144 2419 limos

90 2457 243 2517 Molz'mics.

134 2557 171 2616 In
194 2561 251 2631 358
267 2555 403 2615 transitus
422 2555 454 2614 fit
475 2554 512 2614 ad
533 2556 698 2634 hexagona.
741 2556 845 2634 Itaque
866 2576 920 2634 pro
933 2555 1081 2634 Deumque
1093 2566 1144 2617 aut

91 2654 291 2733 recipiendum
305 2655 357 2712 erit
371 2655 472 2713 Iacobi
485 2653 600 2712 Debz'lz'a
622 2651 728 2727 ‘faint’
745 2654 872 2727 ‘feeble‚’
886 2665 936 2715 aut
958 2656 1144 2715 scribendum

92 2753 190 2812 Deum
213 2773 303 2829 quae.-
334 2752 419 2812 deuia
443 2753 522 2811 enirn
546 2754 622 2812 bene
647 2753 703 2811 dici
728 2762 863 2829 poterant
884 2755 1062 2813 commercia
1084 2754 1144 2831 sig-

91 2870 197 2912 norum
211 2853 400 2922 alternorum,
414 2850 442 2909 h.
452 2869 477 2909 e.
492 2852 523 2909 in
537 2851 703 2928 hexagono,
720 2870 788 2910 cum
802 2852 913 2911 alterno
927 2870 1046 2929 quoque
1065 2863 1143 2912 astro

92 2969 195 3011 cursus
219 2950 360 3008 linearum
388 2949 564 3020 deflectatur,
588 2959 620 3008 ut
644 2948 866 3027 quodammodo
894 2950 1004 3009 incerta
1027 2951 1076 3010 uia
1102 2952 1143 3010 ire

92 3069 148 3108 nec
166 3050 231 3126 lege
249 3048 390 3125 obstringi
411 3048 461 3106 sed
476 3048 532 3108 6110
551 3066 671 3124 uergere
686 3066 720 3106 ac
735 3056 893 3125 coeperant
907 3049 1070 3107 uideantur.
1104 3048 1143 3108 Et

92 3166 161 3207 uere
176 3147 250 3206 tradi
264 3146 360 3205 Deuia
376 3147 417 3204 sic
432 3146 547 3223 colligo,
562 3146 642 3223 quod
650 3157 706 3222 per
720 3148 803 3204 calles
817 3149 898 3205 limos
912 3147 967 3225 (sic
982 3148 1061 3206 enim
1075 3166 1144 3207 cum

93 3245 221 3306 Molinio
242 3245 404 3322 scripserim
428 3240 499 3324 361)
521 3245 667 3304 ducuntur
687 3242 780 3304 lineae
802 3245 1042 3320 hexagonorum:
1065 3246 1144 3305 callis

93 3346 174 3404 enim
188 3344 304 3422 proprie
317 3354 361 3402 est
375 3344 477 3402 semita
490 3345 607 3416 tenuior,
623 3343 698 3401 cailo
712 3361 852 3419 pecorum
866 3343 1039 3420 praedurata
1048 3341 1143 3424 (Seru.

93 3443 133 3502 ad
144 3440 582 3518 Aeniv.405),undeVergiiius
590 3443 659 3499 calle
667 3448 787 3516 angusto
797 3443 950 3518 usurpauit
961 3443 998 3500 de
1006 3441 1142 3512 formicis

93 3541 226 3602 Isidorus
236 3539 348 3616 Origin.
357 3559 401 3599 xv.
413 3540 462 3599 fin.
474 3540 576 3598 callem
587 3542 640 3597 iter
644 3541 778 3615 pecudum
794 3542 979 3598 intermontes
992 3546 1144 3616 angustum

92 3641 182 3712 dixit;
211 3658 308 3717 neque
332 3629 365 3697 id
387 3638 489 3710 solum,
516 3638 569 3697 sed
593 3649 622 3698 et
644 3639 741 3696 deuzirs
765 3640 850 3696 colles
873 3638 975 3698 Liuius
999 3638 1067 3696 xxii.
1095 3657 1143 3710 24.

90 3739 190 3799 Etiam
218 3738 345 3797 Iacobus
372 3738 452 3796 limos
477 3737 582 3809 edidit;
615 3736 666 3796 sed
695 3755 750 3814 pro
779 3737 972 3809 substantium
1002 3746 1143 3812 tanquam

93 3834 223 3897 ‘flexus'
239 3835 390 3914 significet,
407 3836 488 3896 cuius
509 3835 620 3895 nullum
641 3835 810 3914 exemplum
831 3834 954 3912 repperi.
996 3833 1143 3896 Breiterus
