2760 4448
162 272 205 342 50
472 270 620 321 NOCTES
640 270 890 321 MANILIANAE

162 430 285 490 Iunonis
312 438 430 502 astmm,
458 448 495 489 ex
525 429 650 490 aduerso
679 429 767 488 Iouis.
810 427 890 488 Nam
914 428 1072 489 aduersum
1094 427 1214 503 signum

161 529 292 606 Aquario
311 538 355 588 est
369 527 441 600 Leo,
457 529 568 589 dicatus
589 528 693 588 tutelae
715 527 812 589 Iouis!
856 527 947 600 Quod
969 528 993 587 si
1014 536 1093 587 recte
1114 525 1215 597 edidit,

162 625 204 706 (et
224 627 294 685 nihil
315 627 473 703 refragatur
493 623 599 704 Bentl.)
614 628 714 685 malim
734 627 791 686 Ex
805 627 884 686 lauri
904 629 1030 698 aduerso,
1045 636 1075 685 et
1093 625 1215 702 palaeo-

161 726 283 802 graphia
297 726 422 785 dictante
438 736 466 785 et
479 743 533 785 usu
546 726 727 785 locutionum
742 727 930 785 exaduersum
945 727 1110 785 exaduerro.
1155 722 1216 782 Sed

161 825 271 883 incerta
290 833 334 882 est
354 824 535 894 emendatio;
557 824 621 883 talis
642 835 720 884 certe
741 834 882 883 structura
901 823 1127 901 praepositionis
1141 839 1215 879 nus-

162 940 251 999 quam
276 923 440 982 innotuerat
465 923 596 982 Handio.
648 922 707 980 Aut
735 922 913 981 seruandum
941 922 1029 982 credo
1057 921 1139 998 quod
1164 920 1216 978 dat

163 1020 278 1080 Gembl.
292 1020 347 1079 hac
365 1021 577 1098 significatione
593 1021 648 1079 ‘Et
663 1029 773 1079 astrum
789 1022 911 1079 lunonis
925 1020 1072 1097 Aquarius
1089 1020 1216 1079 aduerso

162 1128 206 1178 est
220 1117 322 1199 (astro)
338 1119 435 1190 louis,’
446 1119 474 1178 h.
484 1138 510 1180 e.
528 1120 684 1179 aduersum
704 1120 791 1178 habet
810 1129 920 1178 astrum
935 1120 1025 1192 Iouis,
1041 1128 1091 1177 aut
1112 1135 1182 1177 cum
1200 1137 1216 1175 a

162 1217 348 1277 scribendum

243 1316 282 1373 Et
296 1316 377 1374 Iouis
391 1313 494 1394 (astra)
508 1315 663 1375 aduersum
677 1317 798 1377 IunonIs
811 1316 958 1394 Aquarius
972 1326 1080 1375 astrum
1096 1325 1150 1376 est.

203 1415 242 1475 11.
259 1418 317 1488 456
333 1415 373 1474 sic
388 1424 465 1473 extat
479 1416 509 1472 in
524 1413 641 1473 Gembl.
902 1400 907 1405 ¹

282 1512 446 1587 Exerlcent
467 1514 551 1573 Aries
572 1522 660 1590 caput
681 1524 724 1573 est
745 1524 812 1572 ante
834 1513 934 1573 omnia
954 1513 1091 1591 princeps

285 1610 417 1670 Sortitur.

202 1710 330 1770 Sortitur
344 1729 380 1769 ex
394 1712 508 1769 sortitas
522 1711 563 1771 sic
577 1710 770 1788 deprauatum
786 1720 837 1783 est,
851 1720 884 1770 ut
897 1710 939 1770 II.
954 1730 1013 1787 494
1027 1711 1158 1769 conditur
1167 1709 1217 1770 uel

161 1811 287 1867 condatur
300 1828 355 1885 pro
368 1810 496 1867 condatur
509 1810 647 1868 traditum
661 1809 770 1868 habent
784 1810 907 1869 codices

203 1907 261 1966 Sed
283 1926 351 1967 cum
373 1908 513 1967 omissum
535 1910 570 1967 sit
588 1916 629 1967 est
647 1909 677 1966 in
692 1907 799 1979 Vossr,
813 1910 843 1966 in
864 1928 879 1966 a
900 1918 999 1967 autem
1013 1909 1103 1967 uerba
1121 1907 1163 1967 sic
1184 1926 1216 1967 se

162 2005 307 2082 excipiant
328 2013 412 2082 caput
428 2009 503 2065 arr'er
521 2014 567 2080 est,
584 2009 715 2084 suspicor
734 2007 882 2083 scripsisse
898 2005 1055 2065 Manilium
1074 2011 1158 2083 caput
1178 2014 1219 2065 est

161 2104 249 2163 Aries
268 2112 330 2162 ante
350 2108 443 2163 arania
458 2108 591 2181 princeps
612 2105 744 2166 Sortitus.
781 2105 861 2165 Nam
881 2106 912 2164 in
933 2106 1064 2182 corporis
1084 2105 1217 2182 partibus

161 2205 297 2281 princeps
319 2204 401 2263 locus
419 2214 461 2264 est
481 2205 598 2282 capitis;
620 2205 757 2282 quocirca
774 2205 804 2263 id
823 2223 890 2264 cum
907 2205 937 2264 ui
959 2214 988 2263 et
1008 2205 1218 2279 ἐμφατικώτερον

161 2303 373 2362 enuntiandum
386 2312 455 2361 erat.

202 2401 241 2461 11.
257 2403 326 2476 463,
343 2418 360 2472 4
378 2401 418 2459 sic
433 2401 549 2460 Gembl.

284 2498 432 2558 Centauro
453 2499 562 2558 femina
582 2498 724 2559 accedunt
745 2499 941 2578 Capricornus
961 2499 1091 2577 utrisque

283 2598 412 2674 Imperat
432 2608 461 2656 et
481 2599 605 2674 genibus
626 2616 742 2657 crumm
763 2598 911 2658 fundentis
931 2599 1042 2676 aquarii

284 2696 442 2755 Arbitrium
463 2705 515 2755 est.

204 2797 262 2869 463
278 2793 389 2853 femora
405 2794 536 2853 Vossr'ani
547 2794 707 2854 loemorao
739 2795 936 2874 4641mperat
950 2796 980 2854 in
994 2797 1119 2873 genibus
1134 2795 1177 2854 ba
1193 2802 1220 2855 et

161 2893 200 2952 ed.
215 2892 338 2951 Molr'm‘z'
350 2893 498 2970 Imperitat
512 2892 605 2952 Bentl.
627 2911 766 2970 aquarum
782 2914 805 2954 a.

203 2990 375 3051 Notandum
396 3002 439 3051 est
449 2993 572 3071 femina
587 3010 678 3069 quam
692 2991 818 3051 formam
831 3011 900 3053 cum
916 3003 1061 3071 praestent
1074 2991 1216 3053 Gembla·

163 3091 257 3151 censis
273 3101 301 3149 et
315 3090 457 3162 Cusanus,
473 3090 608 3150 credibile
629 3101 673 3149 est
693 3091 731 3149 ab
750 3091 816 3167 ipso
830 3101 918 3168 poeta
932 3093 1056 3151 uenisse.
1091 3090 1217 3151 Dixerat

162 3188 309 3266 Vergilius
322 3189 396 3248 Aen.
412 3208 438 3248 x.
456 3192 513 3265 788
528 3190 631 3266 Eripit
645 3209 664 3246 a
673 3190 792 3264 serazm,
807 3191 881 3250 sicut
898 3200 1038 3249 testantur
1054 3189 1173 3250 Seruius
1187 3200 1217 3249 et

163 3286 312 3346 Charisius
332 3290 379 3361 66,
395 3306 463 3346 cum
484 3289 634 3347 codicibus
648 3286 785 3348 Mediceo
800 3287 932 3348 Palatino
948 3289 1103 3360 Romano;
1126 3301 1155 3347 et
1174 3289 1217 3348 sic

162 3386 310 3444 Ausonius
322 3384 405 3444 Cent.
417 3384 727 3462 Nupt.1mminutionis
738 3404 768 3445 u.
779 3406 807 3462 9,
819 3388 843 3445 si
858 3386 930 3445 fides
944 3398 988 3446 est
1001 3386 1217 3447 Schenkeliano

162 3483 256 3543 codici
266 3488 294 3541 λ.
339 3483 375 3541 In
389 3494 527 3561 sequente
541 3502 569 3542 u.
584 3483 732 3543 Bentleius
745 3485 920 3544 emendabat
934 3483 1089 3561 Imperitat,
1104 3487 1216 3562 optime

163 3582 201 3640 ad
225 3581 384 3640 litterarum
405 3582 508 3641 ductus
528 3580 656 3658 Imperat
677 3588 709 3653 et,
732 3582 769 3641 ad
789 3583 976 3654 locutionem,
998 3583 1054 3641 nisi
1075 3601 1124 3642 me
1144 3583 1217 3642 fallit

162 3679 310 3751 iudicium,
325 3698 385 3738 non
401 3688 487 3739 recte.
519 3681 600 3739 Alias
615 3691 692 3739 certe
707 3683 844 3758 z'rnperare
861 3681 995 3758 praetulit
1011 3680 1159 3751 Manilius,
1175 3682 1215 3740 II.

165 3780 222 3854 857
246 3781 321 3837 locus
346 3780 465 3857 r'rnperat
483 3780 579 3849 astrei,
600 3779 654 3838 IV.
670 3798 708 3855 93
732 3799 850 3856 regnum
870 3783 945 3857 quod
962 3780 1075 3857 regibus
1095 3781 1220 3856 r'rnperat

163 3877 239 3951 iperi,
255 3876 292 3935 V.
308 3892 365 3951 525
388 3877 477 3936 orbem
499 3879 676 3937 r‘nteraertere
689 3880 815 3954 praedae
832 3878 978 3954 Imperat:
1001 3878 1216 3956 frequentatiua
