2760 4448
609 275 656 325 ru
1089 275 1152 344 145

95 457 214 499 *manno
234 438 378 517 refragari,
399 438 448 516 qui
473 438 584 515 primus
605 437 782 499 Lucretiano
806 440 901 499 uersui
927 439 965 498 iii.
988 453 1046 515 917
1073 439 1155 511 Quod

95 540 164 596 silis
184 545 292 597 exurat
311 540 424 596 miseros
444 545 524 612 alque
543 539 629 595 arida
650 545 739 596 torret
756 538 809 617 (sic
825 538 852 594 A
875 557 913 596 m.
932 557 985 615 pr„
1001 544 1096 597 torret
1109 537 1152 617 B)

94 636 311 695 restituendum
328 637 439 713 putauit
453 643 550 695 torres.
595 639 602 665 ‘
613 636 648 697 ld
659 636 835 695 uocabulum
845 633 851 656 '
862 636 917 716 (sie
928 635 1151 712 Lachmannus)

101 744 146 794 est
166 735 197 793 in
217 735 360 812 glossario
380 734 489 811 Cyrilli,
504 736 645 807 ἀπόκαυμα,
660 736 796 808 usie'laeeb,
812 742 909 793 torres.
954 735 1063 794 Similia
1083 745 1152 794 sunt

99 834 175 892 labes
189 834 261 893 tabes
268 835 354 910 pubes
367 840 476 910 torques
486 844 578 909 saepes
589 836 670 892 moles
683 835 766 892 nubes
779 835 852 892 sedes
866 834 996 910 ambages
1010 845 1152 910 compages

100 939 229 1008 coniuges
243 929 341 1008 rupes!
375 932 455 991 Hinc
470 931 603 1008 Georges
618 932 648 989 in
663 931 772 990 Lexico
787 939 876 991 torres
889 932 1061 992 femininum
1076 933 1150 1003 lecit,

99 1041 130 1089 et
154 1048 173 1088 a
196 1031 358 1089 masculino
381 1033 469 1089 torris
493 1029 636 1089 discreuit.
677 1030 768 1088 Aliter
792 1029 838 1088 De
862 1029 912 1088 Vit
936 1031 966 1088 in
990 1031 1151 1090 nouissima

100 1129 230 1191 editione
257 1129 340 1188 lexici
369 1128 571 1189 Forcelliniani
599 1128 648 1186 ubi
677 1128 823 1204 duplicem
855 1146 973 1187 sensum
1006 1131 1061 1188 sub
1089 1147 1150 1187 uno

101 1227 246 1286 uocabulo
278 1226 380 1286 Terris
414 1244 659 1298 commemorans,
687 1224 818 1285 feminini
849 1227 964 1304 generis
995 1246 1057 1286 non
1084 1227 1151 1286 fecit

99 1326 289 1385 mentionem.

141 1425 190 1484 Ad
207 1425 283 1484 hane
305 1443 367 1483 rcm
387 1441 462 1500 quae
483 1424 595 1501 reperio
616 1423 687 1483 haec
708 1433 783 1483 sunt.
824 1421 871 1501 (ι)
887 1423 1053 1483 Priscianus
1067 1443 1094 1482 v.
1110 1442 1147 1496 42

100 1522 131 1602 (i.
147 1527 202 1600 169
218 1523 299 1601 Keil)
313 1524 400 1580 torris
414 1533 442 1580 et
457 1522 649 1580 masculinum
665 1513 693 1582 et
708 1522 879 1580 femininum
893 1523 968 1582 fecit.
1000 1521 1149 1581 Sciendum

99 1630 200 1692 tumen,
222 1623 296 1697 quod
312 1622 496 1678 uetustissimi
512 1623 543 1678 in
564 1622 666 1694 multis,
691 1628 723 1678 ui
743 1622 880 1689 diutinus,
898 1632 988 1697 supra
1009 1622 1149 1678 dictarum

99 1721 324 1777 lermzuotronuue
339 1721 522 1777 inueniuntur
536 1719 693 1796 coeffudisse
706 1739 820 1795 genero,
835 1739 873 1776 uu
875 1721 915 1776 lle
934 1719 1092 1794 se'gnrficut'
1078 1721 1150 1776 iouis

100 1818 258 1895 differentiis
278 1819 373 1889 coacti}
396 1819 445 1876 sed
461 1819 521 1875 solo
542 1819 711 1889 auctorr'iuta
680 1824 821 1876 tnui
843 1819 918 1876 ‚hic
937 1825 964 1876 ei
981 1819 1047 1875 hoec
1057 1818 1149 1893 foex,

99 1919 204 1974 rudens
224 1921 239 1974 ὀ
259 1921 450 1991 episoma..
472 1935 586 1977 ,senex
606 1918 723 1991 str‘rpst
722 1917 798 1974 orris·
819 1941 833 1972 ο
825 1919 928 1975 ‘balloc
945 1918 1037 1974 tebras
1054 1914 1151 1973 Tr'brri

100 2018 195 2073 amnis
209 2017 315 2091 torquis
329 2022 432 2073 trames
446 2025 540 2089 uesper
553 2015 625 2072 hiel
638 2003 689 2071 bue
703 2025 805 2090 uepres.

140 2111 187 2192 (a)
214 2113 315 2172 Terris
342 2132 410 2172 cum
438 2113 710 2188 tacemfsr'gnificat,
739 2112 884 2171 interdum
915 2112 1149 2173 terminationem

100 2212 221 2270 uan'auit
235 2222 263 2271 et
278 2213 371 2271 dictus
385 2222 428 2270 est
444 2218 539 2270 to'rres.
572 2209 695 2270 Glossae
710 2211 864 2270 nominum
878 2211 907 2269 in
919 2210 1016 2269 Gloss
1028 2210 1148 2268 Latino-

100 2309 206 2369 Graec.
222 2310 269 2370 ed.
284 2310 362 2369 th'z
384 2298 415 2387 p.⁸
428 2325 486 2385 595
508 2318 596 2368 torres
617 2312 685 2368 tz‘tz'er.
728 2310 818 2385 Corp.
833 2308 1049 2369 Glossariorum
1069 2308 1105 2367 iv.
1120 2325 1148 2384 p.

101 2422 159 2484 397
175 2408 253 2468 Gotz
266 2416 355 2468 torres
371 2412 479 2485 li‘gnum
490 2415 628 2485 perusium
645 2409 690 2466 uel
700 2410 812 2467 siecum.

141 2502 221 2563 Nihil
240 2505 325 2580 igitur
344 2505 462 2563 interest
480 2504 511 2561 in
529 2521 614 2562 uersu
629 2501 743 2560 Manilii
757 2502 810 2560 IV.
828 2503 987 2576 72810rris
1005 2519 1044 2558 an
1059 2507 1149 2559 torres

99 2603 249 2661 scribatur.
290 2602 511 2678 Vtrumcunque
529 2601 674 2671 malueris
689 2601 766 2659 idem
784 2601 967 2677 significabit,
983 2603 1062 2656 δαλόν
1081 2598 1147 2658 uel¹

98 2705 209 2770 πυρσόν.
251 2701 318 2759 Alia
336 2701 544 2778 significatione
559 2699 710 2758 Lucretius
731 2701 816 2758 aretia
837 2706 933 2771 torres,
948 2699 972 2756 si
993 2699 1084 2758 modo
1106 2699 1148 2757 sic

75 2799 222 2875 scripsit,
251 2809 280 2858 et
308 2799 446 2858 Manilius
474 2800 577 2857 sterilis
604 2805 702 2869 torres,
731 2798 914 2858 induxerunt.
967 2797 1037 2856 Hoc
1070 2798 1148 2856 enim

99 2897 271 2955 femininum
293 2908 405 2957 tanturn
426 2895 513 2955 fuisse
535 2906 766 2956 consentaneum
788 2906 841 2956 est.
882 2897 921 2954 At
944 2897 973 2953 in
996 2895 1079 2954 Man.
1094 2895 1148 2954 IV.

101 2999 158 3072 728
174 2987 236 3056 non
250 3007 294 3055 est
307 2996 432 3055 ustilatio
446 2996 493 3055 uel
506 2996 607 3068 uredo,
623 2996 675 3054 sed
690 2996 815 3054 torridus
830 2996 873 3055 sol
890 2996 1065 3054 Poenorum.

140 3096 241 3153 Vnum
266 3105 395 3172 superest
418 3095 498 3171 quod
522 3095 740 3153 inobseruatum
765 3095 863 3153 tulisse
885 3093 957 3152 alios
975 3096 1073 3164 miror,
1092 3111 1148 3169 ego

98 3206 175 3254 certe
193 3212 354 3271 numquam
368 3193 398 3252 id
413 3194 546 3252 concoxi.
589 3193 665 3252 Dico
685 3193 858 3268 productam
878 3195 893 3250 i
906 3193 937 3249 in
951 3191 1147 3262 llsauritunee,

98 3294 180 3353 cuius
208 3310 269 3351 non
298 3292 367 3351 satis
394 3292 534 3350 idoneum
562 3301 639 3350 extat
666 3292 842 3370 exemplum.
884 3291 1018 3350 Profecto
1040 3290 1152 3348 Mauri

98 3392 243 3469 genitiuus
265 3401 327 3450 erat
343 3401 371 3450 et
390 3408 458 3450 cum
476 3390 545 3449 Oris
563 3391 743 3450 cohaerebat.
786 3390 846 3448 Sub
868 3396 950 3447 tuneo
971 3389 1040 3465 quid
1061 3389 1148 3447 lateat

98 3491 169 3549 nihil
192 3508 239 3548 me
260 3491 329 3550 certi
354 3491 484 3549 diuinare
508 3490 656 3550 confiteor.
698 3490 800 3547 Fuitne
824 3490 912 3559 belua,
935 3489 995 3546 siue
1019 3485 1147 3562 elephas

98 3590 149 3667 qui
181 3608 249 3648 cum
280 3591 363 3666 niger
380 3600 468 3649 fesset
496 3587 604 3666 (nigris
632 3589 728 3649 barrr's
759 3590 832 3648 Hor.
862 3587 959 3663 Epod.
987 3587 1036 3644 xii.
1069 3586 1097 3665 ι)
1130 3606 1147 3644 a

98 3688 213 3747 Mauris
234 3698 263 3748 et
282 3689 411 3748 colorem
431 3699 461 3748 et
481 3707 590 3747 nornen
614 3689 733 3747 traxisse
755 3689 837 3746 lictus
858 3687 941 3744 fuerit
963 3684 1146 3743 aManilio?

131 3811 141 3839 ¹
157 3811 198 3860 Sic
210 3811 339 3877 Oppianus
351 3811 430 3860 Hal‘
423 3827 455 3861 ιν
469 3823 516 3872 353
524 3809 620 3872 Εξοχα
631 3807 679 3870 γὰρ
690 3810 815 3873 πυρσοῖσιν
826 3807 861 3855 ἐπ’
873 3805 965 3870 ἠελίοιο
980 3804 1097 3871 γάνυνται
1114 3807 1146 3856 de

98 3876 153 3927 sole
163 3877 235 3925 dixit.
269 3877 410 3928 Scholiasta
421 3878 457 3926 ibi
468 3877 603 3941 πυρσοῖσιν·
614 3876 705 3934 ἀκτῖσι,
716 3875 769 3924 ταῖς
779 3873 938 3938 λαμπηδόσιν.

616 3977 634 4015 L
