2760 4448
165 298 207 370 74
475 297 624 350 NOCTES
643 297 892 348 MANILIANAE

162 459 270 519 nanim
285 456 376 518 Graio
389 454 515 516 Dicitur.
557 455 637 529 Tum
650 454 813 516 Decernunt
830 456 901 516 nihil
914 454 1003 516 habet
1015 454 1202 531 offensionis3

163 558 323 618 decernunt
336 555 391 614 sibi
410 555 511 614 uitium
533 573 657 632 corpora
677 574 752 633 quae
772 555 917 615 destinant
937 555 992 615 sibi
1013 564 1123 615 sortem
1143 556 1203 614 uitii

164 654 337 714 ‘determine
348 653 421 712 their
434 652 475 712 lot
488 652 533 712 for
543 651 613 712 evil’
628 654 689 713 siue
704 654 794 713 ‘draw
804 653 876 713 their
889 653 967 712 fired
981 654 1163 731 assignment
1177 653 1208 714 ol

163 753 236 813 evil?
264 752 430 811 Decernere
439 751 510 809 dixit
519 751 680 812 Martianus
690 751 810 829 Capella
821 753 839 811 i.
852 756 870 811 8
882 751 918 811 de
929 751 1045 829 planeta
1057 751 1203 811 Mercurio

163 871 247 927 mque
278 869 338 908 cum
364 851 422 907 senc
448 850 590 926 Apollinis
618 851 731 909 consilio
759 851 908 926 quidquam
939 850 1030 907 debere
1058 852 1205 908 decernere.

163 950 189 1008 F
189 949 279 1008 irmic.
295 946 416 1006 Mathes
434 947 456 1005 I.
471 966 489 1020 4
504 947 552 1004 fin.
566 948 632 1005 hinc
648 951 731 1007 uaria
750 968 835 1006 cursu
855 950 916 1006 uita
932 949 1206 1024 hominumsortuua

163 1058 267 1125 semper
280 1047 620 1122 decernentctranse'gitur.
643 1045 667 1104 I.
679 1048 848 1122 5stellarum
858 1047 1056 1104 decernentium
1065 1048 1145 1124 leges.
1168 1046 1205 1104 II.

166 1166 205 1223 30
226 1147 385 1205 ostendentes
404 1146 475 1221 quid
484 1164 603 1220 quaeque
615 1147 701 1218 stella,
715 1147 864 1223 suscipiens
877 1151 979 1222 tempus
992 1147 1028 1206 ab
1046 1148 1107 1205 altu
1120 1147 1207 1215 stella,

167 1231 302 1304 decernat.
345 1243 403 1302 Sed
421 1247 584 1318 concupierit
601 1262 656 1302 nee
674 1244 795 1303 latinum
816 1244 882 1304 satis
896 1262 951 1305 nec
964 1254 1049 1322 aptae
1063 1245 1207 1321 significa·

164 1344 251 1403 tionis
271 1352 330 1402 est:
353 1359 449 1418 neque
467 1352 566 1401 tamen
584 1345 749 1419 concupiunt
763 1342 931 1419 receperim,
946 1344 1027 1403 cuius
1045 1342 1127 1401 haud
1147 1343 1208 1401 scio

165 1462 203 1502 an
222 1440 388 1517 exemplum
408 1439 571 1516 reperiatur,
588 1439 639 1498 sed
659 1442 824 1516 concipiunt,
839 1441 918 1518 quod
937 1441 1046 1501 habent
1067 1441 1208 1501 editiones

165 1550 304 1610 uetustae,
320 1537 507 1614 Regiomont.
522 1549 550 1596 et
567 1536 768 1614 Neapolitana.
809 1539 906 1597 Etiam
923 1539 990 1598 alibi
1011 1540 1053 1598 sic
1070 1541 1209 1616 scriptum
1242 1567 1244 1571 ⁷

165 1639 326 1699 inuenitur:
342 1637 383 1696 sic
400 1635 577 1712 Concupiscet
588 1654 642 1713 pro
658 1635 825 1714 Concc'piunt
840 1637 948 1696 habent
966 1637 1077 1715 aliquot
1091 1637 1209 1698 codices

167 1801 279 1861 Lucani
293 1821 319 1859 v.
338 1815 403 1875 105,
418 1799 497 1857 uelut
512 1798 595 1859 Bodl.
606 1798 692 1862 Auct.
706 1800 739 1859 F.
756 1819 792 1876 29
808 1750 1000 1877 Conchpiunt.

208 1899 247 1959 II.
263 1914 320 1976 915
336 1900 376 1958 sic
390 1908 433 1957 est
447 1899 477 1956 in
491 1897 607 1957 Gembl.

329 1997 457 2074 Fataque
479 1996 627 2056 damnosis
648 1996 809 2056 imitantem
829 1997 934 2057 finibus
954 1997 1013 2062 oris

168 2107 329 2157 mutantem
359 2092 444 2155 Voss.1
484 2095 642 2154 imitantem
670 2115 709 2153 au
736 2105 897 2164 mutantem
919 2099 960 2155 sit
977 2099 1008 2155 iu
1036 2094 1124 2157 Voss.²
1155 2098 1210 2167 uix

168 2198 308 2274 despicias.

208 2294 346 2354 Phoeben
361 2292 429 2351 dicit
443 2292 504 2352 siue
518 2291 633 2350 Lunam
649 2311 723 2370 quae
732 2292 806 2368 sata
828 2291 917 2351 tristia
931 2293 1061 2351 imitatur
1078 2293 1211 2371 exprimit

169 2394 309 2452 damnosis
317 2391 428 2467 finibus
440 2393 499 2449 orci
512 2390 592 2448 uultu
605 2399 722 2466 propter
736 2391 843 2450 damna
855 2391 927 2450 lucis
941 2409 1001 2450 non
1015 2392 1103 2467 pleno
1124 2401 1211 2467 atque

168 2493 199 2550 in
227 2492 328 2550 orbem
355 2488 517 2560 rotundato,
546 2489 598 2547 sed
625 2488 716 2547 inciso
743 2499 771 2547 et
800 2489 873 2548 fines
901 2489 962 2548 siue
989 2506 1057 2549 oras
1087 2489 1212 2549 habente

168 2588 334 2667 inaequales
348 2605 530 2664 asperasque.
570 2588 711 2646 damnosis
726 2587 763 2647 ad
776 2588 848 2647 lueis
863 2587 1014 2663 dispendia
1029 2585 1117 2666 (Hor.
1131 2587 1166 2649 C.
1177 2588 1211 2646 iv.

171 2701 197 2763 7.
220 2706 255 2763 13
278 2685 396 2744 Damna
417 2691 506 2744 tamen
527 2686 623 2743 celeres
642 2692 779 2762 reparant
797 2687 922 2744 caelestt'a
943 2684 1037 2768 lunae)
1057 2687 1213 2764 praecipue

169 2786 296 2856 refertur,
308 2784 358 2843 sed
369 2794 401 2842 ut
413 2784 503 2842 subsit
518 2784 687 2860 significatio
698 2786 872 2844 damnorum
884 2804 958 2862 quae
973 2785 1056 2844 infert
1070 2787 1211 2862 gentibus,

172 2883 361 2960 ‘expressing
375 2881 544 2942 missortune
561 2884 599 2960 by
613 2883 661 2942 the
675 2884 794 2944 ruinous
808 2884 897 2960 edges
911 2884 944 2946 of
955 2884 1006 2944 her
1019 2881 1100 2944 face.'

211 2998 252 3057 II.
268 3011 337 3075 927,
353 3001 370 3055 8
393 2997 433 3056 sic
448 3006 546 3056 extant
560 2998 589 3055 in
604 2997 718 3056 Gembl.
733 3008 761 3057 et
776 2998 844 3058 Cus.

292 3095 412 3155 Nomen
432 3096 485 3154 erit
506 3096 632 3155 Fortuna
652 3097 727 3167 loc0,
749 3114 808 3174 quo
828 3092 943 3174 percipe
964 3106 1093 3156 mentem

294 3193 335 3252 Vt
355 3194 454 3252 breuia
472 3193 503 3251 in
523 3194 612 3269 longo
633 3195 807 3270 compendia
828 3196 955 3254 carmine
975 3205 1130 3273 praestent.

211 3293 308 3351 Immo
314 3298 462 3367 praestem.
491 3291 561 3350 Vult
573 3292 710 3352 Manilius
723 3294 754 3350 in
764 3293 853 3369 longo
865 3294 990 3354 carmine
1001 3312 1062 3372 quo
1073 3304 1117 3353 tot
1130 3313 1214 3371 prae·

172 3401 258 3468 cepta
271 3388 474 3449 Astronomiae
493 3392 683 3461 continentur,
697 3409 789 3449 unum
807 3391 908 3451 saltem
925 3393 1020 3452 inesse
1035 3392 1115 3470 quod
1127 3395 1216 3452 breue

172 3492 208 3549 sit
230 3489 366 3564 idemque
389 3488 548 3560 lucrosum,
570 3507 633 3547 esse
651 3490 728 3548 enim
749 3490 965 3567 percipiendam
985 3491 1085 3550 lectori
1104 3499 1215 3550 mcntcm

172 3596 276 3665 poetae
287 3586 323 3645 de
331 3586 419 3645 tutela
427 3585 559 3659 Veneris,
569 3588 598 3644 in
608 3606 740 3665 quacum
752 3589 879 3648 Fortuna
888 3589 962 3660 insit,
974 3598 1075 3665 utpote
1083 3590 1216 3666 praeside

174 3685 375 3760 coniugiorum
389 3693 417 3742 et
428 3684 554 3756 thalami,
567 3695 665 3744 monet
678 3686 831 3762 legentem,
843 3687 880 3746 sit
892 3687 1078 3765 quantumuis
1089 3687 1216 3747 siderum

175 3793 204 3844 et
228 3784 355 3843 sidereae
379 3783 544 3842 matheseos
572 3783 740 3856 incuriosus,
765 3784 849 3844 huius
876 3796 954 3844 certe
982 3786 1050 3845 astri
1074 3786 1217 3863 huiusque

176 3880 323 3959 potentiae
338 3899 496 3943 memorem
508 3900 571 3941 esse
582 3892 722 3959 oportere.
756 3883 810 3943 Ill.
821 3886 859 3958 36
871 3883 939 3944 Huc
949 3885 1023 3956 ades,
1032 3903 1047 3944 o
1056 3886 1218 3963 quicumque
