2760 4448
256 284 318 335 122
570 277 718 328 NOCTES
737 276 986 328 MANILIANAE

257 457 259 462 ·
297 437 442 514 Magnum
463 437 510 498 hic
532 437 643 498 lucrum
664 455 701 496 ex
723 437 850 510 Cusano‚
868 438 898 494 in
919 455 979 515 quo
999 443 1063 514 aget
1081 436 1190 496 inueni.
1233 436 1303 498 Hoc

255 537 335 597 enim
351 555 387 596 ex
401 543 465 612 eget,
479 537 573 615 ipsum
588 536 679 596 serius
692 536 722 593 in
736 538 799 612 agit
810 545 979 614 corruptum
993 535 1080 596 fuisse
1094 536 1240 595 existimo.

296 635 348 694 1V.
365 637 422 707 246
436 653 501 712 sqq.

733 733 853 792 scrutari
873 751 960 791 caeca
981 731 1098 792 metalla

378 830 536 908 Depositas
556 839 585 890 et
605 848 677 906 opes
697 839 860 907 terramque
881 849 1000 890 exurere
1021 831 1105 889 uenis

379 928 594 1006 Materiemque
615 946 704 998 manu
724 938 802 987 certa
823 927 962 1005 duplicari
983 939 1011 988 et
1032 937 1103 989 arte.

302 1030 358 1100 248
388 1027 556 1104 duplicariet
581 1025 648 1085 Cus.
674 1026 842 1104 duplicarier
866 1027 908 1085 bo
932 1029 1021 1086 etsie
1045 1027 1169 1086 Huetius
1197 1045 1307 1087 manus

258 1137 369 1185 certam
396 1125 543 1202 duplicare
571 1144 624 1201 per
647 1136 739 1183 artem
763 1123 957 1183 Marklandus
985 1125 1131 1203 duplicare
1160 1137 1308 1203 repertam

259 1224 406 1300 Hauptius
427 1224 573 1300 duplicare
592 1223 699 1282 metalli
713 1223 785 1282 Luc.
799 1221 925 1282 Mueller
945 1225 977 1282 de
995 1243 1022 1283 r.
1037 1243 1072 1283 m.
1079 1235 1111 1301 p.
1130 1227 1189 1301 398
1212 1224 1307 1302 dupli·

259 1323 338 1381 cabis
352 1333 381 1383 et
394 1332 453 1381 arte
467 1322 621 1381 Bretierus.

300 1422 445 1496 duplicari
455 1428 481 1478 et
493 1420 618 1479 Huetius
633 1419 753 1478 credidit
766 1429 934 1497 corruptum
948 1422 1183 1497 ex‘duplicorz'er,
1199 1430 1230 1480 et
1245 1422 1308 1479 uim

260 1521 384 1579 actiuam
405 1519 529 1590 habere3
562 1518 642 1595 quod
663 1536 734 1578 sane
754 1518 960 1577 commendant
981 1518 1117 1578 Cusanus
1138 1529 1168 1578 et
1189 1519 1309 1597 palaeo-

259 1616 387 1696 graphia.
427 1616 484 1674 Sed
509 1635 564 1675 nec
586 1617 730 1692 duplicari
748 1615 919 1692 deponentis
940 1636 1028 1676 sensu
1049 1627 1221 1694 usurpatum
1244 1636 1310 1676 esse

261 1715 387 1775 Huetius
408 1715 542 1785 ostendit,
558 1732 612 1772 nec
631 1714 714 1773 facile
734 1715 798 1790 quis
812 1715 964 1791 peruicerit
978 1715 1105 1774 mediam
1120 1715 1259 1792 aliquam,
1275 1726 1309 1773 ut

261 1813 525 1872 Grammaticorum
537 1830 671 1872 sermone
679 1821 752 1884 utar,
762 1813 999 1889 significationem
1010 1814 1128 1873 subesse
1139 1814 1308 1873 uocabulo:

261 1913 358 1988 itaque
372 1911 514 1986 duplicare
527 1912 570 1970 bis
583 1911 754 1988 scripserim,
768 1902 882 1970 uidetur
895 1912 974 1970 enim
988 1912 1068 1988 loqui
1082 1922 1168 1988 poeta
1183 1912 1219 1970 de
1235 1931 1309 1972 auro

151 2048 154 2054 -
261 2007 486 2085 multiplicando,
501 2019 530 2068 et
544 2009 661 2084 quidem
675 2009 705 2066 in
723 2000 925 2086 quadruplum.
967 2008 1064 2068 Potuit
1082 2028 1164 2069 error
1182 2002 1252 2069 oriri
1270 2029 1308 2068 ex

263 2106 438 2183 compendio
452 2126 467 2164 z
481 2106 560 2184 quod
574 2107 663 2166 modo
678 2114 710 2179 et,
726 2108 817 2166 modo
832 2109 874 2166 bis
888 2107 1037 2184 significat.

301 2205 353 2266 IV.
370 2208 438 2280 263,
452 2208 509 2278 264
524 2206 564 2265 sic
579 2204 691 2264 suntin
704 2205 819 2265 Gembl.

383 2300 598 2380 Littoribusque
619 2304 703 2363 nouis
724 2321 776 2379 per
796 2304 897 2362 luxum
917 2303 1036 2363 illudere
1056 2313 1157 2380 ponto,

382 2401 421 2461 Et
441 2403 536 2462 uarios
557 2402 697 2462 fabricare
717 2402 797 2461 lacus
818 2412 848 2461 et
867 2402 988 2462 flumina
1008 2402 1082 2476 ficta,

383 2499 421 2558 Et
442 2501 658 2578 peregrinantes
678 2500 815 2559 domibus
838 2501 1014 2577 suspendere
1036 2501 1124 2559 riuos

263 2597 371 2657 Omnia
395 2597 442 2658 hic
467 2599 619 2658 artificiosa
643 2598 729 2658 dicit:
760 2616 821 2656 non
846 2599 930 2674 igitur
951 2600 1048 2657 uanos
1069 2597 1207 2657 fabricare
1228 2598 1311 2658 lacus

262 2697 445 2755 scribendum
459 2708 528 2768 erat,
544 2698 596 2756 sed
610 2716 698 2755 uanos
712 2697 773 2755 siue
788 2707 847 2756 arte
862 2697 963 2768 factos,
978 2715 1038 2756 non
1052 2697 1207 2756 naturales.

303 2795 356 2854 IV.
373 2810 431 2870 270
446 2796 487 2855 sic
501 2796 620 2854 traditus
634 2803 678 2854 est
693 2797 723 2852 in
738 2795 855 2854 Gembl.

385 2893 459 2952 Mite
478 2912 572 2971 genus
592 2893 750 2969 dulcesque
771 2892 864 2953 fluunt
883 2892 921 2952 ad
941 2893 1043 2970 sydera
1063 2903 1172 2970 partus

264 2991 388 3052 Codices
415 3010 518 3051 omnes
546 2993 587 3050 ad
611 2993 710 3050 sidera.
761 2990 831 3053 Hoc
859 2993 899 3051 sic
927 2992 1113 3069 interpretor:
1148 3000 1229 3051 ortos
1254 2993 1312 3050 sub

264 3091 393 3167 Aquario
408 3101 509 3149 natura
522 3091 608 3149 mites
626 3108 699 3162 esse,
713 3101 743 3148 et
762 3107 903 3166 aquarum
923 3091 1020 3161 instar,
1033 3109 1109 3166 quae
1130 3090 1256 3149 siderum
1279 3092 1312 3147 in

265 3190 422 3265 imaginem
435 3208 472 3248 ex
486 3207 559 3247 urna
572 3189 633 3248 eius
647 3188 800 3266 profluant,
815 3188 880 3248 lene
899 3189 1040 3265 quiddam
1059 3197 1088 3247 et
1107 3189 1261 3247 remissum
1282 3196 1313 3246 et

265 3289 346 3367 quasi
360 3288 500 3365 liquidum
515 3289 545 3346 in
559 3288 688 3346 moribus
704 3288 763 3346 suis
776 3287 928 3364 praeferre.

306 3382 358 3443 IV,
375 3385 513 3454 282-284
529 3383 570 3441 sic
583 3391 682 3441 extant
697 3381 726 3438 in
741 3381 858 3439 Gembl.

386 3481 507 3558 Iamque
528 3481 585 3540 huc
606 3491 691 3557 atque
713 3480 778 3538 illuc
799 3480 905 3557 aligem
927 3490 1095 3539 conuertere
1117 3477 1233 3538 clauum

386 3580 425 3641 Et
444 3581 554 3641 frenare
575 3589 665 3638 ratem
687 3579 849 3654 fluctusque
870 3579 1019 3638 effundere
1040 3590 1134 3637 rectos

387 3680 446 3738 Aut
467 3681 554 3738 remis
575 3697 660 3754 agere
682 3686 711 3736 et
732 3677 824 3736 lentas
846 3677 992 3736 inflectere
1014 3688 1122 3736 tonsas.

310 3781 364 3835 282
387 3778 539 3854 caliginem
563 3776 630 3835 Cus.
648 3775 770 3852 caligine
793 3775 878 3835 Voss.²
892 3777 934 3834 bo
951 3775 1056 3853 agilem
1071 3774 1208 3851 Scaliger.
1253 3779 1312 3851 283

267 3874 403 3934 effindere
418 3877 456 3934 bo
471 3896 536 3934 num
552 3874 718 3935 offendere?
