2760 4448
625 202 627 207 ,
687 235 707 283 I
1204 244 1224 308 3

172 401 285 458 amussis
305 400 449 473 sideribus,
464 399 538 459 laeta
558 403 673 474 renati,
690 403 785 478 impar
804 404 901 461 uereor
922 404 978 461 dz'es
999 405 1151 463 descernere
1164 405 1224 463 rurs

171 499 283 572 caueri,’
310 497 403 558 Benti
450 498 508 558 Sed
535 501 630 576 impar
656 500 686 558 in
708 507 842 577 poterant
867 502 990 560 cessisse
1025 503 1090 579 quis
1124 502 1224 562 credat

171 595 326 657 Bentlei0?
368 596 477 656 Melius
501 597 744 675 palaeographiae
768 599 933 660 consultum
961 600 1105 672 existimo,
1128 601 1152 659 si
1176 621 1224 659 nec

170 697 274 754 sriuz'lz‘s
288 695 318 753 in
335 715 390 754 non
403 697 507 758 santus
521 696 683 772 refingatur,
698 707 730 759 ut
744 716 797 755 non
812 697 850 756 ad
858 704 990 774 poterant
1002 698 1150 771 referatur,
1160 718 1222 759 non

170 795 330 867 adsimilis,
343 794 398 853 hac
410 794 638 870 significatione:
661 814 722 855 non
733 805 867 872 poterant
878 798 938 855 suis
947 798 1044 856 causis
1056 797 1220 857 discernere

170 893 284 953 dierum
308 903 338 952 et
361 894 490 953 noctium
509 894 692 965 uariationes‚
714 913 770 954 nec
795 913 847 954 cur
868 895 975 954 similes
997 905 1099 955 noctes
1119 895 1222 955 diebus
1249 919 1252 923 ·

170 992 272 1051 fierent
291 993 345 1051 sub
362 993 557 1068 aequinoctio,
572 1011 639 1051 cum
653 993 696 1052 sol
711 993 802 1052 modo
817 994 950 1052 autumni
964 1003 1095 1071 tempore
1111 1012 1221 1071 regres-

170 1109 237 1150 sum
250 1091 357 1150 faceret
376 1101 405 1150 et
423 1109 578 1162 recessum,
593 1092 684 1151 modo
702 1093 779 1151 ueris
797 1093 927 1155 aduentu
948 1092 1068 1170 propior
1085 1092 1221 1152 admotus

169 1207 331 1248 accessum.
372 1188 441 1249 Non
455 1188 562 1251 factum
576 1200 681 1250 estnec
695 1190 734 1249 ΙΙ.
750 1194 818 1256 882.

211 1289 234 1347 Ι.
250 1291 288 1361 84

291 1387 328 1446 In
349 1404 505 1446 commune
526 1388 640 1446 bonum
660 1392 880 1450 †commentum
900 1388 976 1446 laeta
998 1387 1148 1447 dederunt.

210 1484 346 1545 Fortasse
360 1487 546 1545 conzunclim:
569 1504 638 1544 nam
652 1506 791 1551 commune
811 1487 909 1548 bonum
924 1505 960 1545 ex
981 1484 1118 1545 Lucretio
1134 1486 1220 1545 traxit

168 1603 195 1642 v.
211 1587 279 1659 958.
316 1579 668 1664 [CommentiHauptius.]

209 1683 233 1741 I.
250 1685 348 1758 95-98
365 1680 406 1741 sic
420 1691 521 1740 extant
534 1683 565 1739 in
579 1681 698 1741 Gembl.

250 1780 360 1839 Omnia
381 1780 517 1840 conando
538 1780 640 1840 docilis
661 1780 788 1844 sollertia
809 1780 878 1839 uicit

250 1877 313 1938 Nec
334 1878 412 1955 prius
432 1879 572 1955 imposuit
592 1880 680 1938 rebus
700 1879 847 1957 finemque
868 1897 1047 1956 manumque

251 1975 350 2049 Quam
371 1977 485 2036 coelum
506 1975 571 2058 (sic)
593 1978 724 2036 ascendit
744 1978 817 2036 ratio
838 1979 973 2054 cepitque
994 1977 1170 2054 profundam

249 2075 393 2135 Naturam
414 2094 510 2133 rerum
531 2076 625 2139 causis
646 2076 775 2152 uiditque
796 2076 875 2153 quod
896 2093 1021 2160 usquam
1041 2085 1093 2134 est.

209 2188 246 2250 97
265 2174 441 2250 profundam
449 2176 530 2233 etrum
541 2175 706 2251 Lz'prr'enszi,
717 2180 779 2233 teste
787 2172 887 2232 Iacobo
896 2173 1073 2251 profundum
1089 2173 1222 2232 Vossiam'

164 2281 192 2332 et
206 2273 275 2333 Cur.
318 2276 355 2347 98
371 2291 525 2349 rerumque
539 2271 620 2332 causs
643 2269 729 2331 Voss?
756 2290 911 2348 rerumque
927 2273 1021 2332 causis
1044 2271 1130 2331 Voss.1

207 2373 257 2430 An
278 2370 484 2448 corrigendum
505 2381 566 2430 erat

614 2470 751 2546 cepitque
772 2467 947 2546 profundam

289 2568 431 2627 Naturam
452 2585 607 2645 rerumque
627 2567 717 2627 chaos

164 2667 213 2727 uel

206 2764 384 2843 profundum
399 2763 528 2823 Naturae
543 2782 699 2842 rerumque
713 2764 825 2825 chaos?
866 2763 912 2822 Cf.
931 2782 965 2820 12
970 2778 987 2839 5
1002 2761 1059 2822 Seu
1066 2754 1216 2841 permeata

163 2867 247 2924 chaos
261 2883 355 2922 rerum
365 2864 527 2940 prtutordr'a
541 2865 678 2939 quondam
689 2863 838 2924 Dt'screuz't
845 2869 943 2939 partu.

204 2965 388 3040 I.155‚156

282 3063 389 3122 Tertia
410 3080 474 3122 sors
495 3063 588 3122 undas
609 3062 710 3121 strauit
730 3062 892 3137 fluctusque
914 3070 1047 3119 natantes

286 3162 424 3239 Aequora
444 3161 570 3237 perfudit
591 3172 653 3222 toto
674 3162 825 3220 nascentia
847 3169 949 3237 ponto,

164 3261 204 3321 sic
218 3261 335 3320 Gembl.
369 3260 505 3319 Emendo

613 3359 760 3435 fluctuque
780 3367 899 3422 natante
960 3365 961 3369 ’

286 3457 425 3536 Aequora
444 3457 567 3534 perfudit
589 3468 651 3518 toto
672 3457 823 3516 nascentia
844 3464 946 3532 ponto,

162 3557 225 3616 h.e.
241 3557 324 3616 tertia
343 3575 407 3616 sors
428 3552 549 3634 (aquae)
569 3556 669 3620 strauit
689 3556 782 3615 undas
805 3554 927 3631 fecitque
949 3561 981 3611 ut
1001 3569 1129 3630 aequora
1149 3551 1214 3609 ubi·

162 3673 291 3733 cumque
308 3656 511 3726 nascebantur,
527 3654 695 3732 superfusos
717 3654 771 3712 sibi
792 3653 898 3712 fluctus
919 3652 1060 3710 haberent
1080 3650 1131 3726 qui
1152 3669 1213 3709 non

161 3755 241 3832 plani
262 3755 399 3825 iacerent,
413 3753 465 3813 sed
479 3762 643 3812 aestuantes
657 3752 715 3812 huc
729 3752 794 3812 illuc
809 3752 958 3810 ferrentur.
1000 3748 1077 3808 Nam
1092 3768 1214 3825 aequora

162 3864 230 3914 sunt
244 3853 334 3932 plana
348 3851 514 3930 superficies
529 3852 616 3911 maris
630 3869 717 3927 super
731 3869 820 3927 quam
834 3851 939 3910 fluctus
953 3858 1062 3908 natant.

656 3969 712 4008 na
