2760 4448
123 309 125 313 -
162 289 207 349 44
467 279 618 332 nocras
638 277 890 330 unnrrmnna

162 440 299 500 inferiora
317 448 385 499 sunt
403 439 534 517 trigonis,
553 457 649 516 neque
667 448 780 497 tantum
798 437 903 497 ualent.
945 434 1020 496 Mox
1035 435 1148 496 Iacobo
1161 434 1214 494 ad·

162 540 272 599 sentior
294 545 384 598 tortus
410 556 447 597 ex
479 536 565 596 Voss?
588 537 771 597 reddendum
797 555 877 608 esse;
907 535 960 596 sed
987 535 1089 594 dubito
1111 545 1212 594 utrum

161 637 284 697 Libram
302 643 392 695 tortus
413 635 610 711 Capricornus
624 654 662 694 an
676 646 707 694 ut
723 635 837 695 Gembl.
852 634 953 694 suadet
966 633 1088 693 Libram
1105 632 1214 708 Capri·

162 756 265 795 cornus
278 743 366 794 tortus
385 755 424 794 an
442 735 567 812 denique
586 744 619 793 ut
636 734 757 793 fortasse
776 735 841 812 quis
855 733 949 793 eliciat
966 752 1036 791 err-o
1050 732 1155 809 inquo
1169 740 1215 790 est

150 836 303 912 feruntur,
319 835 399 893 cuius
413 839 475 891 -lur
488 843 602 910 poterat
617 851 654 891 ex
667 830 782 912 tor(tus)
800 851 959 910 superesse,

287 949 378 1007 Hetta
399 947 480 1008 ferit:
503 957 595 1006 tortus
617 947 737 1006 Libram
759 947 954 1024 Capricornus

162 1064 259 1143 potius
285 1065 321 1123 sit
345 1062 542 1123 scribendum.
584 1061 697 1122 Notum
722 1074 765 1121 est
794 1062 963 1140 Capricorni
991 1060 1154 1138 posteriora
1181 1059 1214 1117 in

162 1163 256 1221 flexus
276 1162 355 1222 uelut
375 1161 462 1238 piscis
484 1161 532 1220 uel
556 1161 678 1238 pistricis
702 1161 857 1220 terminari.
900 1160 958 1219 Sed
979 1160 1010 1218 in
1033 1159 1091 1219 fine
1110 1176 1216 1218 uersus

163 1258 269 1319 illum*
288 1279 355 1320 cum
378 1260 515 1320 omnibus
533 1259 682 1318 codicibus
701 1259 884 1319 retinendum
904 1269 973 1318 erat.
1015 1257 1097 1330 Quid
1114 1257 1215 1316 enim?

163 1359 336 1436 quadratum
356 1358 501 1430 describit,
524 1369 661 1435 quattuor
681 1358 765 1434 signa
784 1370 925 1430 recenset,
942 1375 1016 1434 quae
1036 1376 1067 1416 se
1086 1356 1216 1424 inuicem

163 1467 295 1535 tangunt,
322 1457 442 1533 Libram
466 1455 676 1533 Capricornum
701 1457 830 1516 Arietem
859 1457 1013 1537 Cancrum.
1056 1456 1159 1531 Itaque
1184 1453 1215 1511 in

167 1576 221 1632 ²91
247 1576 300 1633 pro
322 1558 396 1615 hunc
416 1555 602 1614 scribendum
622 1556 674 1614 erit
694 1555 767 1613 hzirc.
809 1555 922 1615 Totum
942 1556 1039 1615 locum
1063 1554 1150 1631 igitur
1172 1553 1216 1611 sic

163 1655 290 1715 reformo

592 1763 623 1811 at
642 1770 718 1829 quae
739 1752 832 1812 diuisa
852 1752 1000 1830 quaternis

286 1850 421 1909 Partibus
443 1851 556 1926 aequali
578 1850 699 1909 laterum
722 1852 927 1911 sunt-condita
949 1851 1046 1924 ductu,

287 1948 421 2021 Quorum
443 1948 575 2024 designat
597 1949 734 2008 normalis
756 1950 868 2026 uirgula
890 1950 983 2020 sedes,

281 2046 369 2104 ‘Hera
397 2046 469 2106 serit.
511 2046 632 2106 Libram
660 2048 857 2125 Capricornus
881 2058 974 2108 tortus
998 2056 1028 2107 et
1055 2045 1137 2105 illum
1162 2042 1217 2124 (sc.

369 2143 593 2226 Capricornum)

287 2244 439 2320 Conspicit
459 2244 527 2303 hinc
547 2245 640 2318 Aries,
659 2255 745 2323 atque
765 2246 860 2323 ipsum
881 2243 930 2325 (sc.
947 2242 1089 2323 Arietem)
1109 2262 1128 2302 a
1147 2261 1216 2319 par-

368 2343 445 2400 tibus
466 2344 566 2420 aequis

287 2440 410 2513 Cancer,
431 2451 459 2500 et
480 2442 558 2500 hunc
580 2442 664 2502 laeua
684 2443 834 2503 subeuntis
856 2443 949 2502 sidera
972 2442 1086 2501 Librae.

205 2558 246 2617 11.
262 2574 402 2632 331-334
425 2557 466 2614 sie
481 2567 599 2616 exarata
614 2559 724 2617 suntin
739 2559 855 2618 Gembl.

287 2653 358 2713 Non
379 2654 464 2731 igitur
486 2656 552 2714 satis
573 2666 617 2716 est
637 2658 726 2735 signis
747 2677 916 2718 numerasse
938 2658 1067 2734 trigonas

287 2753 470 2824 Quadratiue
491 2755 580 2814 fidem
600 2756 673 2814 caeli
693 2775 744 2832 per
765 2757 849 2833 signa
870 2757 1012 2832 quadrata
1031 2765 1173 2832 quaterna

287 2853 431 2926 Quadrati
453 2856 477 2914 si
498 2856 572 2916 sorte
593 2859 675 2917 uoles
696 2858 832 2935 effingere
853 2839 1015 2918 formam—

285 2952 347 3012 Aut
366 2954 447 3012 trinis
469 2957 586 3031 paribus
608 2956 695 3016 facies
715 2975 783 3016 cum
803 2959 925 3017 menbra
946 2957 1063 3034 trigoni.

206 3085 264 3142 331
291 3068 421 3145 trigonas
443 3071 518 3129 codd.
561 3091 618 3146 33²
644 3071 803 3148 ‘quadrata
825 3068 866 3149 (Ιι.
893 3093 951 3132 unc.
979 3075 1054 3131 lzirea
1081 3074 1217 3148 inferrire

164 3168 272 3224 notauit
276 3177 327 3242 pr.
338 3165 387 3246 m.)
395 3178 536 3244 quaterna
546 3166 580 3248 (q
589 3190 628 3229 ex
638 3180 649 3228 t
652 3170 731 3248 fecit
733 3182 782 3248 pr.
792 3170 854 3250 m.)'
867 3172 1043 3232 Thomaszirs.
1072 3183 1216 3248 quaterna

166 3263 299 3324 Caranus
311 3285 373 3324 cura
395 3266 536 3326 Vosszizmi
549 3275 575 3326 et
587 3269 603 3328 b
616 3289 640 3328 o.
681 3270 750 3330 celis
771 3270 906 3330 Varciani.

205 3361 263 3423 Pro
283 3365 411 3440 trzgonas
430 3368 609 3443 reposuerim
626 3371 762 3445 trigona:
785 3388 855 3428 nam
872 3368 909 3428 de
923 3370 1043 3446 trigonis
1056 3369 1136 3446 ipsis,
1151 3387 1215 3429 non

75 3507 79 3515 .
163 3459 201 3520 de
216 3461 345 3539 partibus
359 3464 479 3540 trigonis
490 3461 563 3542 (3¹9
576 3473 674 3542 portes
688 3486 743 3525 non
756 3473 873 3526 seruant
885 3468 936 3526 illa
950 3465 1088 3548 trigonus)
1099 3468 1215 3527 uidetur

196 3665 211 3698 *
227 3666 296 3718 Nam
307 3667 414 3718 Iacobus
424 3667 509 3718 locum
520 3668 555 3720 ric
567 3670 664 3736 scripsit

326 3734 427 3784 Haecce
444 3735 499 3784 ferit
514 3736 624 3797 Libram,
641 3744 720 3788 tortus
737 3738 775 3788 Ca
794 3739 903 3790 ricomus
918 3745 944 3790 et
959 3739 1030 3790 illam

327 3799 471 3865 Conspicit3
488 3799 554 3850 hunc
571 3802 649 3863 Aries,
666 3812 740 3868 atque
757 3805 766 3852 i
787 3821 830 3854 um
847 3805 959 3871 partibus
974 3806 1059 3871 aequis

326 3865 429 3929 Cancer,
445 3872 470 3916 et
486 3866 552 3918 hunc
568 3867 640 3919 laeua
656 3870 783 3922 subeuntis
799 3871 878 3921 sidera
895 3871 993 3922 Librae.
