2760 4448
274 275 335 340 118
580 285 728 338 moeres
747 286 997 338 MANJLJANAE

273 449 348 505 uitta
372 447 404 504 de
428 447 531 505 uictum
557 453 649 505 morte.
700 447 850 506 Sententia
876 447 929 506 erit
957 445 1103 506 Catonern
1131 461 1200 503 cum
1227 452 1319 502 morte

273 546 413 605 luctatum
431 543 499 605 huic
518 562 579 604 non
598 545 728 616 cessisse,
743 545 794 605 sed
813 545 953 604 inuictum
973 561 1067 621 usque
1087 542 1125 601 ad
1147 542 1237 601 finem
1257 560 1320 618 per-

273 643 402 702 durasse.
443 643 587 702 Praestitit
608 662 639 702 se
660 644 796 702 omnibus
816 643 1036 714 indomabilem,
1057 642 1146 700 etiam
1168 660 1186 700 a
1207 650 1320 700 morte:

163 812 165 816 q
232 728 234 732 ¹
274 760 350 819 quae
371 760 409 800 ne
431 741 494 818 ipsa
514 740 633 819 quidem
653 742 722 800 uicit
743 751 941 802 accersentem
962 749 1067 817 sponte
1087 757 1142 798 nec
1166 739 1323 799 cedentem

273 839 350 916 turpi
373 839 451 916 fuga,
473 839 525 899 sed
546 839 630 917 quasi
654 839 833 918 triumphurn
857 859 875 898 a
899 848 1001 910 morte,
1024 838 1095 897 dum
1120 837 1252 910 moritur,
1278 855 1323 896 re-

273 947 445 1016 portantem.

314 1055 341 1094 u.
354 1039 391 1110 87
404 1045 479 1094 recte
494 1035 596 1095 tradita
610 1036 697 1096 credo
711 1053 786 1114 quae
800 1036 918 1096 codices
931 1035 1040 1094 habent
1051 1035 1100 1094 sed
1107 1035 1164 1110 lege
1174 1039 1324 1110 repugnat.

274 1133 395 1194 Videtur
409 1134 627 1211 inpersonaliter
646 1136 773 1211 positum
790 1141 934 1211 repugnat,
951 1134 1019 1194 ‘sed
1037 1144 1081 1193 est
1099 1132 1182 1210 quod
1199 1151 1239 1192 ex
1258 1131 1325 1207 lege

273 1233 495 1309 repugnantiam
522 1229 626 1292 faciat!
669 1232 780 1309 Legem
808 1232 876 1293 dicit
902 1231 953 1293 lati
976 1250 1036 1310 qua
1056 1240 1201 1308 coguntur
1223 1247 1272 1290 res
1296 1240 1326 1288 et

273 1341 418 1407 reguntur,
433 1341 464 1389 ut
478 1348 539 1390 non
554 1330 653 1389 omnia
667 1341 801 1408 tempora
819 1331 939 1390 eosdem
953 1329 1053 1402 serant,
1070 1330 1122 1390 sed
1139 1329 1239 1389 bonos
1259 1327 1325 1399 alia,

273 1429 464 1505 aliapeiores.

314 1529 366 1587 IV.
385 1548 440 1604 134
455 1547 519 1606 sqq.
534 1530 575 1588 sic
589 1537 688 1588 extant
702 1529 732 1586 in
746 1529 861 1588 Gembl.

597 1635 711 1685 tantum
732 1637 776 1686 est
795 1646 871 1703 opus
891 1628 954 1705 ipsa
974 1627 1094 1686 suismet

318 1741 374 1801 135
396 1725 527 1784 Asseruit
548 1725 644 1783 Pallas
664 1726 797 1785 manibus
818 1727 999 1804 dignumque
1019 1726 1131 1803 putauit

396 1823 492 1900 Seque
514 1824 544 1881 in
565 1842 672 1882 araneo
693 1842 832 1901 magnum
853 1834 935 1902 putat
956 1842 1019 1885 esse
1041 1823 1221 1901 triumphum

396 1922 480 1981 I-laec
501 1921 597 1980 studia
617 1931 646 1981 et
667 1922 774 1982 similes
794 1922 871 1983 dicet
892 1923 1076 1983 nascentibus
1096 1930 1172 1980 artes

395 2021 435 2079 Et
456 2020 545 2079 dubia
565 2021 595 2078 in
615 2021 728 2097 trepido
749 2021 917 2099 praecordia
937 2032 1055 2097 pectore
1077 2021 1194 2096 signum

397 2119 492 2196 Seque
513 2137 566 2178 sua
587 2137 702 2198 semper
721 2121 868 2196 cupientia
888 2119 1014 2178 uendere
1035 2118 1130 2178 laude.

319 2221 374 2294 136
397 2215 575 2276 inarachneo
604 2214 690 2276 Voss.²
711 2217 867 2295 inaragnea
888 2237 903 2276 o
924 2218 954 2277 in
975 2217 1119 2276 arachnea
1142 2215 1159 2275 b
1181 2233 1325 2294 magnam

281 2315 367 2378 Vani.²
388 2318 459 2374 unde
481 2314 601 2374 Iacobus
622 2316 697 2375 dedit
717 2315 812 2393 Seque
832 2317 863 2375 in
884 2317 1059 2376 Arachnaeo
1079 2333 1219 2393 magnam
1240 2325 1325 2394 putat

274 2434 336 2475 esse
354 2414 510 2493 triumpho.
554 2414 648 2492 Seque
669 2416 699 2472 in
714 2415 886 2474 Arachnaea
906 2432 1048 2490 magnum
1069 2424 1200 2492 portasse
1221 2413 1324 2472 trium-

274 2514 365 2590 phum
379 2514 531 2573 Bentlerits.
577 2526 632 2588 137
649 2514 710 2590 figit
732 2511 818 2573 Voss.²
832 2513 894 2590 figit
910 2533 925 2572 o
940 2513 1009 2590 figet
1022 2512 1046 2572 b.

316 2612 470 2688 Speciosae
485 2621 552 2670 sunt
566 2612 750 2672 coniecturae
766 2622 797 2670 ut
810 2611 943 2685 Bentleii,
958 2613 1000 2671 sic
1015 2628 1075 2671 non
1094 2610 1189 2668 minus
1203 2609 1323 2668 Iacobi:

274 2720 304 2768 ut
319 2710 438 2770 difficilis
457 2711 493 2770 sit
511 2711 584 2770 inter
601 2719 754 2787 utrumque
773 2710 949 2770 diiudicatio
993 2709 1111 2768 Haereo
1128 2719 1226 2766 tamen
1242 2717 1276 2766 ut
1293 2709 1324 2766 in

275 2826 337 2866 non
346 2809 457 2885 optimo
472 2818 576 2886 poeta:
599 2808 645 2868 cui
656 2827 710 2867 nec
718 2816 806 2884 putat
817 2819 883 2884 post
892 2809 1007 2884 putauit
1019 2805 1254 2877 abiudicandum,
1267 2824 1324 2865 nec

275 2905 393 2982 elegans
404 2905 474 2965 illud
484 2916 512 2965 et
522 2905 699 2966 Ouidianum
711 2906 804 2983 magis
815 2924 905 2982 quam
914 2904 1108 2964 Manilianum
1119 2903 1325 2962 rirAraclmaeo

275 3023 405 3079 magnam
417 3011 504 3080 putat
515 3023 571 3062 1111
584 3004 725 3080 triumpho
742 3003 823 3062 omni
842 3022 878 3062 ex
897 3012 977 3080 parte
998 3002 1198 3062 conueniebat.
1241 3001 1324 3074 Quid

275 3103 355 3177 quod
382 3101 406 3160 I.
434 3105 491 3177 789
523 3101 667 3161 Certanles
693 3100 779 3160 Decii
802 3104 874 3160 uott's
900 3102 1055 3177 similesque
1081 3100 1233 3177 trticmpbz's
1261 3119 1324 3160 non

276 3200 420 3258 dissimilis
447 3218 517 3259 usus
545 3210 589 3260 est
614 3180 715 3259 uerbi?
743 3218 811 3257 nam
835 3209 867 3258 ut
895 3200 925 3256 in
950 3199 1152 3258 Arachnaeam
1176 3198 1324 3257 uincendo

276 3297 380 3371 Pallas,
409 3299 450 3357 sic
484 3299 514 3355 in
546 3298 684 3358 certando
716 3299 792 3357 uotis
820 3297 904 3357 Decii
932 3315 993 3356 non
1022 3297 1201 3373 triumphant
1228 3299 1324 3373 magis

278 3414 366 3473 quam
387 3396 524 3473 triumphi
545 3397 693 3474 specimen
711 3397 808 3470 edunt,
824 3405 948 3474 suntque
965 3395 1186 3473 quodammodo
1200 3395 1255 3472 ipsi
1270 3398 1324 3454 tri-

277 3496 382 3570 umphi.
424 3495 525 3554 quen.
548 3495 586 3554 xi.
610 3514 667 3570 194
688 3497 841 3570 sae'mztrtque
861 3495 1003 3570 trt'umplro
1017 3493 1134 3553 Praeda
1152 3491 1324 3551 caballorum

270 3601 389 3668 praetor
402 3595 478 3666 redet,
494 3594 543 3652 ubi
559 3593 663 3671 Mayor
677 3594 745 3653 citat
763 3593 861 3653 locum
879 3592 955 3650 Liuii
969 3592 1064 3651 xxviii.
1088 3612 1116 3666 9,
1134 3607 1170 3667 15
1186 3594 1241 3650 iret
1252 3595 1325 3650 alter

278 3692 376 3750 consul
393 3693 519 3750 sublimis
540 3711 636 3763 curru,
656 3694 821 3768 multiiugis,
841 3693 870 3749 si
887 3693 974 3763 uellet,
989 3693 1089 3765 equts;
1114 3709 1169 3749 uno
1189 3709 1255 3766 equo
1270 3703 1325 3766 per

279 3789 372 3849 urbem
386 3809 482 3847 uerum
497 3790 667 3865 trzirntphum
682 3791 752 3847 uehi.
796 3789 895 3848 Sedet
911 3789 983 3848 deus
1004 3789 1121 3864 fingitur
1131 3787 1323 3864 Triumphus.

279 3886 316 3945 Et
338 3897 415 3947 amat
436 3888 665 3965 prosopopoeias
688 3887 852 3948 huiusmodi
878 3897 993 3946 noster:
1027 3888 1066 3946 sic
1088 3886 1198 3945 Xerxes
1220 3887 1324 3946 dicitur
