2760 4448
588 269 635 317 rr
691 308 694 317 .
1081 265 1143 335 125

222 427 290 506 lpse
311 429 375 499 tuis,
398 427 526 500 iuuenis
549 429 716 504 geminique
737 442 788 504 per
810 445 936 504 aequora
957 426 1062 486 Pisces.

184 587 189 595 ,
222 527 318 586 Mixta
338 527 389 586 sed
409 527 439 584 in
459 527 549 604 pluris
571 527 716 585 sociantur
737 526 831 584 sidera
851 527 934 586 uires,

140 624 193 686 IV.
209 645 265 698 411
283 644 347 704 sqq.

223 722 282 782 Sed
302 724 433 801 proprias
454 733 550 800 partes
571 724 649 800 ipsas
670 731 801 799 spectare
822 732 979 796 memento,

223 822 278 881 Vel
299 823 391 899 glacie
411 822 530 898 rigidas,
546 822 593 880 uel
613 840 685 897 quas
706 831 854 880 exusserat
876 822 959 896 ignis

129 955 131 960 ·
230 925 270 982 Et
291 921 393 979 sterilis
413 931 536 997 utroque
558 925 674 982 †tamen
695 938 768 996 quas
788 920 894 996 largior
915 920 1024 979 humor

225 1022 350 1096 Quaque
371 1020 533 1078 minoribus
553 1019 624 1080 ouit.

144 1141 202 1196 413
218 1132 315 1179 tamen
330 1136 403 1196 quas
415 1117 481 1176 Cus.
495 1115 580 1176 Voss.²
591 1119 639 1177 do.
662 1136 720 1190 414
736 1117 896 1176 minoribus
908 1115 1066 1176 ouitVoss.1
1078 1116 1146 1177 Cur.

101 1228 127 1280 et
135 1224 176 1279 sic
185 1219 341 1294 Lipsiensis
355 1222 417 1274 teste
425 1215 524 1274 Iacobo
537 1215 698 1274 minoribus
712 1217 773 1274 obit
784 1235 799 1274 o
811 1216 906 1274 minor
920 1216 959 1274 ibi
971 1217 1045 1275 tonit
1061 1212 1148 1274 Voss.²

102 1318 141 1378 In
156 1317 185 1378 G
191 1324 258 1393 port
271 1316 397 1391 Quaque
410 1316 530 1389 spetiem
537 1315 646 1391 fuerat
656 1320 752 1390 reptem
766 1316 812 1371 uel
823 1320 879 1372 octo
892 1315 1060 1385 lriterarum,
1075 1315 1151 1390 quod

102 1417 235 1477 recentior
246 1433 346 1472 manus
355 1413 396 1470 sic
404 1413 543 1489 suppleuit
549 1413 606 1470 iam
619 1430 705 1471 sucus
716 1413 784 1472 obit.
806 1410 884 1470 Idem
894 1415 926 1471 in
933 1412 1061 1473 edRorn.
1071 1428 1148 1488 1510

102 1516 220 1592 repperi.

110 1600 115 1610 ⁸
144 1613 240 1688 Prope
255 1609 292 1669 ad
305 1627 405 1668 uerum
422 1608 536 1667 uidetur
550 1608 674 1668 Iacobus
689 1609 846 1668 accessisse
861 1609 1014 1668 scribendo

226 1709 265 1767 Et
287 1707 388 1767 sterilis
408 1719 539 1784 utroque,
561 1717 652 1767 tumet
673 1727 731 1784 qua
752 1708 857 1784 largior
878 1708 984 1767 humor

227 1806 353 1882 Quaque
374 1805 471 1863 minor
492 1806 569 1864 riuos
590 1814 680 1864 torret

104 1907 161 1965 nisi
182 1904 262 1982 quod
283 1910 370 1962 torret
387 1904 437 1962 uix
459 1904 604 1963 conuenit.
647 1903 757 1963 Nescio
778 1923 816 1962 an
838 1905 982 1981 scripserit
1001 1916 1090 1981 poeta
1158 1916 1160 1922 '

227 2003 266 2061 Et
286 2002 388 2061 sterilis
408 2012 540 2078 utroque,
562 2008 654 2060 manet
672 2020 731 2081 qua
752 2002 858 2079 largior
879 2002 984 2062 humor

230 2100 355 2179 Quaque
376 2101 472 2158 minor
493 2101 570 2159 riuus
591 2103 692 2158 currit.

107 2201 194 2261 Certe
220 2218 280 2259 non
307 2199 382 2258 male
405 2199 445 2257 sic
470 2199 544 2257 inter
567 2216 598 2257 se
622 2209 812 2275 opponuntur
837 2207 940 2274 stagna
968 2199 1099 2276 largioris
1123 2209 1153 2258 et

106 2299 207 2358 stantis
234 2316 335 2375 aquae,
359 2298 412 2355 riui
435 2297 524 2356 alueis
553 2296 604 2354 sed
631 2297 739 2374 exiguo
767 2296 886 2355 flumine
918 2308 1071 2359 currentes.
1113 2298 1152 2356 Et

106 2399 200 2456 currit
212 2396 332 2472 quidem
350 2396 380 2453 in
395 2397 457 2453 urit
475 2396 666 2470 deprauatum
685 2405 763 2454 extat
782 2412 810 2452 u.
832 2415 908 2468 424:
938 2413 1016 2454 nunc
1037 2395 1068 2453 in
1086 2397 1152 2468 curi,

107 2507 173 2573 post
188 2495 217 2552 in
232 2495 291 2552 ouz‘t
305 2494 484 2552 demutatum
498 2503 550 2552 est.

149 2593 202 2651 1v.
218 2596 277 2666 416
292 2610 355 2669 sqq.
371 2592 413 2651 sic
428 2601 494 2650 sunt
509 2593 539 2649 in
554 2591 671 2650 Gembl.

232 2690 284 2749 Est
307 2689 426 2766 aequale
448 2690 517 2748 nihil
538 2699 667 2749 terrenos
687 2691 785 2766 aspice
806 2699 913 2749 tractus

230 2788 269 2846 Et
291 2789 378 2846 maris
399 2801 427 2846 et
448 2787 536 2864 partis
557 2787 694 2863 fulgentia
714 2788 835 2846 flumina
855 2789 924 2864 ripis

231 2886 351 2946 Crimen
370 2886 478 2963 ubique
499 2885 634 2963 frequens
655 2897 683 2944 et
704 2886 781 2944 laudi
802 2887 890 2944 noxia
911 2887 1008 2945 iuncta
1027 2896 1072 2946 est

152 3005 211 3060 4¹9
234 2985 281 3044 Sic
303 2985 405 3043 sterilis
426 2985 507 3044 terris
527 2984 609 3065 ¹laetis
630 2984 783 3042 interuenit
803 2985 879 3043 aruis

232 3084 277 3142 Ac
297 3084 393 3142 subito
412 3083 520 3158 rumpit
541 3100 633 3159 paruo
655 3082 821 3140 discrimine
842 3081 933 3141 faetus

232 3182 271 3240 Et
291 3181 382 3241 modo
404 3191 506 3258 portus
526 3193 587 3239 erat
607 3180 704 3257 pelagi
725 3181 783 3238 iam
805 3180 880 3239 facta
901 3181 1026 3240 caribdis

233 3278 413 3356 Laudatique
435 3278 511 3337 cadit
530 3288 597 3354 post
617 3279 735 3355 paulum
756 3279 848 3354 gratia
869 3278 974 3338 christi.

153 3393 210 3454 417
234 3389 330 3455 partes
366 3374 451 3437 Voss.1
491 3377 569 3435 notis
599 3395 614 3434 e
638 3376 737 3452 pronis
761 3376 905 3434 Bentlezirs
927 3377 1017 3452 ruptis
1038 3375 1157 3434 Iacobus

111 3477 251 3552 fulgentia
267 3472 352 3534 Voss.1
369 3474 436 3534 Cur.
450 3473 597 3551 iuigientia
611 3493 626 3531 0
640 3474 779 3550 fugientia
798 3471 884 3532 Voss.2
896 3475 963 3531 riuis
974 3473 1067 3531 Bentl.
1097 3493 1156 3548 419

110 3586 202 3634 torres
222 3574 370 3649 Hauptius
388 3581 415 3631 ei
429 3580 493 3631 ante
513 3592 573 3630 curn
594 3572 742 3630 Breilerus
763 3573 796 3630 de
815 3573 917 3630 emend.
935 3571 1042 3629 Manil.
1061 3589 1090 3646 p.
1111 3583 1158 3642 15.

113 3692 174 3745 420
194 3672 268 3731 fetus
282 3674 358 3730 codd.
371 3672 473 3730 foedus
487 3670 613 3729 Iacobus.
655 3689 712 3743 421
739 3675 858 3746 ‘portus
872 3690 911 3728 ex
924 3679 1022 3745 partus
1025 3669 1102 3744 fecit
1106 3678 1158 3744 pr.

112 3766 156 3829 in.7
174 3770 216 3850 (in
233 3768 351 3848 Gembl.)
372 3770 545 3829 Thomasius.
583 3767 818 3826 11111115111ἶ7111.Β
856 3786 912 3840 422
930 3766 1035 3826 Christi
1053 3764 1158 3827 Gemit,

112 3871 188 3928 solus
202 3871 286 3949 ponti
299 3877 356 3928 celi.
399 3868 478 3926 Feri.
495 3869 568 3946 xysti
585 3866 687 3947 (systi).
