2760 4448
452 297 506 346 AD
528 297 684 347 ARATEA
707 294 930 346 GERMANICI
1149 291 1213 364 235

162 437 253 516 pedes
267 436 408 498 demissis.
451 439 554 499 Manil.
569 460 595 500 v.
610 454 668 516 557
684 439 838 519 Defluxere
855 440 935 498 stitus
951 439 1064 509 umeris,
1073 436 1213 516 fugitque

161 524 280 596 lacertos
302 538 396 598 Veslzi.

163 622 167 630 ⁸
206 638 346 712 266-269

286 733 410 793 Lumine
432 752 493 793 non
514 734 612 795 multis
633 735 709 794 Plias
730 734 882 794 certauerit
902 734 993 804 astris,

286 832 447 910 Praecipuo
468 833 520 893 sed
540 833 652 894 honore
673 833 799 894 ostendit
819 843 951 909 tempora
974 832 1052 904 bina,

286 931 364 990 Cum
385 932 512 1009 primurn
532 932 691 1010 agricolam
712 916 842 995 'ruentus
864 950 952 1008 super
972 932 1114 990 immouet
1135 929 1212 1011 atri†

409 1030 554 1109 (imminet
567 1033 629 1108 agri
643 1030 798 1090 Beruensz's
811 1038 838 1089 et
848 1028 1088 1110 Etitst'edelenszi.)

286 1127 324 1187 Et
345 1148 412 1188 cum
433 1131 524 1206 surgit
544 1130 666 1206 hiemps,
688 1140 773 1208 portu
792 1129 930 1205 fugienda
952 1130 1060 1205 peritis.

205 1225 277 1285 Non
311 1237 388 1287 recte
423 1228 569 1306 Hauptius
607 1231 664 1288 268
701 1229 742 1288 sic
777 1227 951 1287 emendabat
982 1226 1055 1286 Cum
1083 1226 1212 1303 prinum

164 1327 321 1401 agricolam
352 1346 456 1385 uernus
484 1333 559 1404 tepor
588 1334 724 1385 ammonet
749 1329 824 1404 agri.
867 1325 947 1385 Nam
971 1345 1026 1384 nec
1053 1344 1157 1383 uernus
1183 1325 1213 1381 in

165 1429 270 1494 uentus,
285 1442 341 1483 nec
361 1432 437 1502 tepor
450 1427 480 1484 in
501 1436 584 1503 super
597 1426 686 1485 latere
707 1426 806 1487 credo.
841 1424 939 1484 Verba
953 1423 1035 1483 Arati
1052 1423 1124 1482 baec
1145 1431 1213 1481 sunt

168 1523 235 1593 266,
253 1524 310 1596 267

287 1623 303 1678 ὅ
324 1624 406 1695 σφισι
428 1617 482 1703 [sc.
497 1618 572 1703 Ζεὺς]
595 1626 635 1680 καὶ
656 1624 744 1698 θέρεος
763 1625 805 1679 καὶ
824 1625 944 1696 χείματος
960 1623 1114 1696 ἀρχομένοιο

289 1719 420 1791 σημαίνειν
441 1721 577 1778 ἐκέλευσεν
597 1722 770 1795 ἐπερχομένου
791 1721 815 1778 τ’
836 1723 948 1796 ἀρότοιο.

165 1816 213 1875 Ex
227 1818 333 1893 quibus
348 1817 542 1878 Germanicus
563 1820 623 1879 duo
644 1820 775 1896 sumpsit,
795 1820 910 1879 aestatis
931 1818 1046 1880 initium
1067 1825 1095 1876 et
1116 1833 1212 1874 rursus

166 1915 278 1987 hiemis
293 1935 385 1975 unum
400 1918 536 1993 neglexit,
552 1918 662 1977 arandi.
705 1918 808 1996 Itaque
823 1917 1009 1976 scribendum
1023 1915 1159 1975 existimo

290 2014 367 2074 Cum
387 2017 513 2091 primurn
535 2017 695 2093 agricolam
716 2035 828 2076 Lunrvs
848 2035 942 2076 vinos
956 2022 1105 2074 ammouet
1126 2005 1204 2089 agris

168 2113 231 2171 h.e.
246 2131 314 2172 cum
332 2115 449 2174 aestatis
468 2115 549 2174 initio
568 2116 646 2175 calor
665 2116 806 2174 incubans
825 2115 901 2174 aruis
921 2132 1081 2173 messorem
1096 2111 1215 2171 inducit.

168 2211 251 2270 Idem
266 2212 318 2271 sed
332 2213 471 2289 prolixius
485 2214 557 2272 dixit
570 2214 701 2272 Auienus
713 2214 793 2272 Arat.
809 2216 866 2271 612

290 2310 354 2370 Nec
376 2312 474 2370 minus
495 2313 586 2371 arenti
607 2331 674 2371 cum
696 2314 776 2371 crine
797 2311 935 2371 attollitur
956 2320 1060 2381 aestas,
1119 2386 1121 2392 s
1210 2386 1213 2391 ι

288 2409 416 2469 Etcum
437 2429 511 2470 cana
532 2430 635 2471 comas
654 2412 728 2470 redit
750 2429 829 2470 anno
849 2413 953 2470 bruma
974 2409 1087 2485 rigenti,

291 2508 446 2585 Tempora
466 2510 636 2586 designant:
667 2510 782 2569 namsi
804 2527 835 2568 se
855 2511 969 2586 gurgite
991 2508 1096 2568 tollunt

210 2610 269 2680 615
290 2606 448 2685 Vergiliae,
471 2627 575 2668 curuas
595 2609 626 2667 in
646 2608 724 2667 flaua
744 2609 862 2668 noualia
882 2608 972 2667 falces

290 2706 435 2765 Exercere
457 2705 518 2767 dies
529 2725 539 2779 ;
570 2707 595 2766 si
616 2707 746 2766 condunt
767 2725 895 2783 aequore
916 2706 1059 2777 flammas,

291 2805 441 2865 Tellurem
462 2823 564 2882 presso
584 2800 771 2884 proscindere
792 2815 908 2882 tempus
928 2815 1032 2876 aratm,

165 2922 238 2988 nam
252 2903 299 2961 hic
313 2922 432 2981 quoque
449 2905 564 2963 aestatis
584 2905 698 2963 initium
719 2914 748 2963 et
769 2922 867 2963 rursus
888 2904 991 2964 hiemis
1012 2921 1048 2962 ex
1068 2901 1216 2961 Pliadibus

169 3001 321 3078 designat;
352 3012 381 3061 et
402 3001 473 3061 illud
494 3003 612 3080 quidem
636 3004 731 3080 pergit
755 3004 918 3063 describere
938 3003 1035 3062 uerbis
1058 3019 1163 3060 curuos
1185 3002 1215 3057 in

160 3103 247 3181 flaua
268 3102 382 3159 naualia
395 3102 492 3178 falces
512 3100 656 3161 Exercere
677 3104 741 3174 dtis,
760 3103 801 3161 sic
822 3112 854 3161 ut
868 3100 1059 3161 Germanicus
1080 3100 1122 3159 eis
1141 3117 1217 3176 quae

169 3219 207 3258 ex
231 3185 397 3258 coniectura
421 3201 539 3272 restitui,
560 3202 714 3276 agrt'colam
736 3203 824 3259 lentus
848 3213 938 3276 uapor
958 3205 1093 3259 ammonet
1111 3200 1193 3273 agris
1203 3216 1215 3255 .·

169 3297 273 3356 hiemis
282 3297 413 3357 Auienus
422 3299 510 3372 initia,
521 3317 583 3358 non
594 3308 625 3357 ut
636 3299 839 3369 Germanicus,
850 3301 901 3358 sed
914 3300 955 3357 sic
967 3297 1100 3357 describit
1110 3306 1142 3354 ut
1153 3305 1216 3353 tum

170 3405 262 3473 ponat
280 3397 506 3473 proscissionem
525 3398 742 3475 arationemque
762 3408 872 3456 terrae:
894 3397 1087 3456 Germanicus
1105 3392 1214 3452 dehoc

169 3493 249 3567 nihil,
264 3505 376 3554 tantum
391 3496 459 3555 dicit
474 3515 551 3555 mare
566 3506 628 3556 tum
642 3497 773 3555 clausurn
787 3514 850 3554 esse
864 3495 1078 3571 nauigantibus.
1112 3493 1216 3569 Itaque

169 3612 231 3651 cum
245 3595 382 3670 prinum,
396 3614 458 3653 cum
473 3598 570 3672 surgit
586 3596 664 3654 idem
683 3595 856 3672 significant,
872 3613 911 3677 sc.
926 3595 1019 3664 mairo,
1033 3591 1090 3651 hoc
1104 3591 1216 3662 hiemiS,

169 3691 239 3749 illud
257 3694 389 3753 aestatis:
412 3694 500 3752 lentus
519 3704 608 3769 uapor
628 3693 737 3752 lactum
756 3702 800 3752 est
819 3695 907 3751 lentus
927 3693 1016 3768 uspor
1031 3708 1101 3748 mox
1120 3695 1217 3747 uentus

168 3801 252 3866 super
261 3811 276 3859 ,·
305 3793 451 3867 geminata
474 3813 488 3850 s
510 3803 671 3870 postquam
692 3810 774 3850 erasa
798 3811 816 3847 ο
838 3784 950 3878 (asper)
974 3787 1151 3848 uocabulum
1178 3805 1215 3846 ex

169 3899 240 3965 upor
264 3890 295 3950 in
319 3901 402 3967 super
422 3900 556 3951 cesserat.
613 3891 692 3950 Nam
713 3891 826 3967 quoties
848 3891 946 3960 lentus,
967 3895 1064 3946 uentus
1088 3887 1161 3945 inter
1185 3903 1217 3943 se
