2760 4448
245 266 307 343 248
525 281 579 329 An
601 281 757 329 ARATEA
784 280 1003 330 carnarum

243 439 352 498 ratione
376 457 431 498 nec
456 439 573 499 Cancro
597 440 748 516 probanda
772 459 826 499 nec
849 439 991 512 Geminis
1014 439 1194 516 significatur
1220 448 1297 497 tem-

241 546 375 614 pestates,
398 557 473 615 quae
494 557 560 598 cum
584 537 731 598 Mercurio
748 538 880 597 Taurum
901 538 1080 614 ingrediente
1101 537 1295 615 proueniunt,

242 635 345 695 durare
364 654 397 695 ac
415 637 464 694 uix
484 637 672 713 sequentibus
693 637 783 713 signis
802 636 904 696 cedere
922 635 1115 695 Geminorum
1136 645 1164 694 et
1182 635 1295 694 Cancri

242 753 345 794 serena
358 734 529 812 plerumque
545 733 704 794 serentium.
747 735 787 793 At
801 753 870 793 cum
885 734 1015 794 Leonem
1029 734 1197 810 ingreditur,
1214 733 1294 792 soliti
1322 787 1325 791 ,

244 843 381 891 secuntur
404 833 522 904 calores,
545 853 599 893 nec
621 834 778 910 quicquam
798 833 999 892 declinationis
1020 833 1053 892 fit
1073 851 1092 891 a
1112 833 1296 908 praescripto

243 940 352 1004 tenore,
367 948 426 1007 quo
444 931 570 990 mediam
590 943 729 991 aestatem
743 943 841 991 aestus
857 932 1018 1003 comitatur,
1035 929 1136 990 Leone
1155 941 1293 990 seruante

244 1048 359 1106 semper
376 1030 496 1107 uestigia
510 1029 548 1088 ad
562 1049 630 1089 eum
645 1031 735 1089 finem
749 1048 808 1108 quo
823 1030 899 1088 dicta
914 1030 974 1089 siue
989 1029 1140 1106 praefinita
1154 1038 1229 1088 sunt.

286 1127 333 1186 Sic
352 1147 469 1187 uersum
485 1129 657 1205 interpretor
675 1145 731 1205 150
745 1140 777 1188 ut
790 1130 821 1187 in
838 1128 987 1189 codicibus
1001 1128 1116 1187 Arund.
1130 1137 1158 1187 et
1173 1126 1295 1186 Mearm.

244 1227 366 1303 scriptus
379 1236 474 1285 extat:
496 1228 542 1285 hic
555 1247 607 1303 quo
621 1231 703 1286 dz'cla.
747 1228 804 1287 Sed
817 1225 912 1286 Basti.
927 1237 955 1285 et
968 1226 1072 1286 Paris.
1086 1227 1196 1285 habent
1211 1225 1295 1285 Hinc

244 1345 297 1402 quo
317 1326 400 1398 datto,
422 1325 556 1384 uidelicet
577 1344 595 1383 a
615 1327 673 1386 fine
693 1326 887 1386 Geminorum
908 1326 946 1384 ad
966 1344 1035 1384 eum
1055 1325 1212 1384 terminum
1233 1340 1295 1400 quo

245 1425 367 1500 uestigia
394 1424 561 1499 praestituta
588 1434 663 1482 sunt.
706 1425 807 1483 Habet
834 1434 933 1485 tamen
961 1424 1061 1483 nescio
1089 1423 1160 1500 quid
1187 1422 1294 1482 insoliti

139 1534 142 1542 ·
244 1523 335 1594 locus,
361 1533 394 1580 ut
416 1521 466 1579 nix
490 1522 620 1581 dubitem
643 1523 844 1598 reponendum
868 1540 932 1581 esse
957 1522 1037 1580 Hinc
1061 1522 1196 1593 condicta,
1220 1520 1251 1578 h.
1269 1539 1294 1578 e.

244 1631 329 1699 pacta
342 1631 371 1679 et
385 1630 452 1679 ante
465 1621 650 1697 praescripta.

289 1734 341 1793 151
366 1719 495 1777 Flatibus
516 1729 546 1777 at
566 1720 667 1795 gelidis
688 1719 789 1779 miscet
810 1719 964 1796 tranquilla
984 1737 1089 1778 serena

369 1816 497 1893 Specifer
519 1818 662 1877 adeamita
682 1836 780 1889 manu,
803 1837 858 1878 nec
879 1818 951 1876 libra
972 1818 1092 1877 metenti

366 1915 507 1975 Dissentit
528 1915 621 1989 diuae,
644 1916 696 1975 sed
717 1926 749 1975 ut
770 1916 841 1976 haec
862 1926 986 1976 uentura
1008 1933 1110 1975 serena

367 2014 497 2074 Nuntiat.

246 2112 376 2189 Specifer
395 2112 539 2173 adeamita
553 2113 646 2172 Basil.
684 2112 824 2190 Spicifera
843 2112 898 2171 dea
918 2111 997 2173 nuda
1009 2111 1111 2169 Paris.
1146 2110 1202 2169 dea
1225 2121 1296 2168 nuta

245 2212 360 2269 Arund.
376 2211 528 2270 etMeerm.
543 2222 613 2270 nota
623 2211 738 2283 Irz'arte,
753 2211 842 2286 quiet
853 2210 942 2269 libera
956 2209 1095 2280 tendenti,
1108 2209 1184 2284 quod
1194 2208 1297 2266 habent

245 2309 342 2381 MSS,
357 2313 387 2368 in
400 2311 473 2370 libra
487 2311 605 2369 metenti
619 2311 752 2368 correxit.

287 2408 357 2467 Non
371 2409 459 2468 credo
472 2427 574 2468 uerum
589 2427 652 2468 esse
667 2415 739 2479 nota,
754 2426 856 2484 parum
876 2407 1070 2484 significanter
1086 2406 1224 2482 positum,
1240 2424 1294 2464 nec

246 2508 362 2583 optimis
381 2526 466 2566 usum
485 2509 612 2567 testibus.
652 2506 794 2583 Displicet
815 2508 901 2566 etiarn
922 2507 1008 2578 nuda,
1023 2505 1104 2582 quod
1121 2505 1171 2562 uix
1189 2504 1228 2562 ad
1248 2503 1296 2562 illa

245 2608 379 2683 spz'cffera
393 2627 479 2665 manu
496 2609 565 2668 satis
581 2607 695 2666 uidetur
712 2614 821 2683 aptum.
864 2604 1001 2664 Fortasse
1020 2604 1175 2680 scripserat
1192 2605 1295 2661 amata.

247 2703 397 2764 Maximus
415 2711 473 2781 περὶ
492 2715 626 2782 καταρχῶν
638 2706 684 2766 ed.
699 2703 842 2764 Ludwlch
859 2722 915 2779 219
929 2704 1054 2777 Ἀστραίη
1068 2701 1144 2774 κούρη
1160 2725 1295 2775 σταχυη-

246 2807 346 2876 φόρος
370 2804 552 2879 ἠπιόδωρος.
593 2804 754 2881 Euphorbii
778 2821 879 2861 uersus
904 2801 940 2859 de
964 2800 1085 2859 zodiaco
1108 2819 1126 2874 3
1148 2797 1295 2880 (Bfihrens

246 2901 279 2960 P.
291 2900 325 2960 L.
336 2901 378 2960 M.
393 2902 428 2960 iv.
442 2923 470 2980 p.
490 2903 560 2983 146)
575 2905 631 2963 Leo
644 2922 743 2961 saeuus
757 2909 783 2960 et
794 2903 884 2961 almae
906 2899 1033 2976 Virginis
1047 2906 1135 2957 astra.
