2760 4448
250 288 313 350 124
565 282 713 334 Nocens
734 270 984 332 MANJLJANAE

256 439 342 500 Vors.²
375 450 472 499 manet
486 440 525 498 ed.
540 439 624 498 Rom.
637 454 724 515 1510.
758 450 877 499 manent
888 439 1006 498 Iacebat
1035 438 1116 498 Fert.
1127 439 1223 517 Inque
1238 437 1295 498 alio

247 538 447 617 quaerendum
461 537 570 614 aliquid
611 539 773 615 iunctisque
781 541 917 614 plerique.

290 637 406 695 Praeter
425 637 541 695 solitum
557 636 627 695 uitia
646 636 692 696 hic
714 637 857 696 contraxit
874 635 999 707 Gembl.,
1013 636 1168 712 praecipue
1183 636 1213 693 in
1237 638 1295 710 369

249 736 332 795 cuius
351 753 421 794 uera
442 734 635 794 conformatio
655 753 673 793 a
694 735 796 794 ceteris
818 734 897 793 MSS
912 735 1038 811 petenda
1058 746 1109 795 est.
1153 734 1297 807 Quicum

249 834 406 910 quaerenda
421 831 480 911 (uel
489 830 546 912 -de)
558 831 697 912 molr'(uel
705 834 761 913 λα)
772 836 842 910 quei!
850 834 906 914 (uel
918 835 992 909 quod
999 830 1047 912 erl)
1059 842 1217 910 praestent,
1228 833 1297 892 hinc

249 951 322 991 eruo
343 932 500 1008 quaerenda
518 934 591 990 mali
604 933 682 1008 queit,
697 932 725 990 h.
737 952 762 991 e.
783 932 983 1008 quaerendum
1000 932 1126 1008 aliquid:
1150 950 1250 1009 neque
1267 933 1298 990 in

169 1013 172 1018 ⁸
250 1033 314 1101 alto,
330 1030 420 1088 sedin
435 1032 509 1101 alze3
531 1048 599 1088 nam
615 1030 728 1106 singula
741 1041 818 1091 astra
831 1040 874 1089 tot
885 1031 955 1089 dant
966 1031 1049 1099 uires,
1062 1031 1199 1090 dominos
1210 1040 1299 1107 quot·

250 1147 377 1205 cumque
400 1139 570 1205 receperunt
594 1127 687 1208 (315),
709 1129 789 1206 quod
813 1129 950 1207 quidest
973 1129 1053 1188 aliud
1074 1147 1164 1205 quam
1193 1131 1299 1187 zienctr's

250 1228 360 1286 ue'rr'bus
372 1245 434 1287 non
447 1230 580 1286 cuncter?

291 1333 413 1385 artantur
437 1325 584 1385 Bentleius
611 1327 641 1383 in
669 1332 805 1384 ostentent
829 1325 997 1402 refingebat,
1025 1343 1086 1401 quo
1113 1326 1205 1384 uerbo
1231 1325 1299 1384 Ma·

251 1425 337 1482 uilius
353 1443 498 1502 nusquam
517 1425 587 1484 alias
604 1443 673 1484 usus
688 1436 739 1483 est.
794 1423 906 1484 Contra
926 1426 1070 1483 ostendunt
1084 1425 1199 1500 saepius
1218 1426 1299 1501 apud

251 1540 319 1583 eum
339 1523 452 1600 legitur,
467 1533 495 1583 et
516 1524 545 1580 in
565 1522 637 1582 locis
658 1522 809 1582 simillimis
828 1522 883 1581 III.
899 1538 957 1597 513
973 1522 1034 1581 Per
1047 1542 1113 1598 quor
1126 1527 1300 1599 praeceperas

191 1602 196 1613 ’
251 1623 395 1680 ostendunt
419 1623 534 1696 seugula
561 1623 646 1692 aries,
669 1620 692 1678 1.
717 1624 785 1693 464,
815 1638 832 1695 5
855 1622 974 1698 fiaenter
1004 1622 1162 1696 dr'se'ungere
1188 1629 1299 1680 tuntum

254 1719 386 1779 Contenta
400 1726 426 1777 et
443 1720 529 1777 stellis
545 1719 679 1777 ostendere
692 1720 786 1776 stilera
799 1720 890 1791 certer,
904 1718 957 1776 IV.
973 1737 1030 1794 439
1049 1717 1204 1778 Ostendrise
1219 1721 1299 1780 deum
1340 1760 1345 1765 ,

250 1820 320 1876 salet
333 1825 379 1888 est,
394 1818 472 1875 dabit
483 1818 540 1892 epse
552 1817 660 1876 sz‘br'ereel
671 1816 812 1876 Pondere.

294 1917 395 1977 Toties
409 1917 433 1974 si
447 1914 564 1975 Gembl.
580 1933 682 1975 auero
703 1915 856 1988 aberrauit,
870 1934 907 1975 ne
922 1917 993 1974 notis
1007 1915 1124 1992 quidem
1145 1935 1200 1993 pro
1216 1926 1300 1977 certo

252 2014 421 2074 habendum
435 2024 486 2074 est.
528 2011 613 2072 Bona
627 2032 693 2090 pars
710 2014 847 2073 codicum
863 2016 945 2072 nedz's
961 2033 1027 2073 cum
1042 2024 1174 2090 praestet,
1190 2034 1228 2072 ex
1243 2014 1300 2074 hoc

252 2115 335 2172 nudet
349 2131 436 2172 eruo:
457 2113 546 2170 tz'tulei
567 2113 657 2185 nudis,
674 2112 736 2170 siue
752 2131 803 2188 per
817 2131 857 2184 se,
872 2130 933 2171 non
952 2123 996 2193 est
1016 2112 1201 2172 credendum.
1241 2112 1299 2171 III.

254 2219 321 2286 158,
345 2231 362 2287 9
386 2231 460 2269 nunc
480 2229 513 2268 ne
529 2212 681 2286 permeate
701 2212 827 2286 legentem
851 2210 1042 2289 Ceeffundant,
1064 2212 1149 2270 nudet
1169 2213 1240 2270 satzi
1260 2218 1303 2270 est

252 2314 379 2370 restitere
392 2308 527 2368 membris.

293 2475 346 2534 tv,
361 2477 501 2551 382-386

374 2573 438 2633 Nec
459 2574 505 2632 leo
525 2584 646 2631 uenator
667 2573 763 2633 ueniet
783 2592 837 2633 nec
859 2574 942 2650 uirgo
963 2575 1101 2650 magistra

375 2666 522 2731 Mensuris
542 2681 591 2730 aut
611 2671 684 2730 libra
705 2683 811 2749 potens
831 2684 880 2732 aut
902 2673 1040 2749 Scorpius
1060 2672 1148 2730 armis

376 2770 594 2846 Centaurusque
615 2768 666 2827 feri
688 2770 762 2845 signi
782 2770 978 2848 Capricornus
999 2781 1027 2829 et
1048 2770 1134 2828 undis

296 2871 355 2944 385
376 2867 443 2945 Ipse
464 2869 503 2926 tui
524 2868 637 2926 iuuenis
657 2869 823 2945 geminique
843 2887 894 2945 per
915 2887 1043 2946 aequora
1063 2869 1159 2946 pisces

375 2965 470 3024 Mixta
491 2965 542 3025 sed
563 2966 594 3022 in
614 2966 704 3042 pluris
725 2967 872 3025 sociantur
893 2967 986 3025 sidera
1006 2968 1083 3026 uires

296 3086 355 3158 384
376 3081 442 3140 feris
463 3082 523 3157 igni
545 3078 629 3140 Voss.1
648 3101 684 3139 m.
699 3101 747 3139 sec.
762 3081 838 3140 serus
859 3082 919 3158 igni
940 3080 1025 3141 Vess‚¹
1045 3101 1080 3140 m.
1091 3093 1138 3158 pr.
1154 3081 1301 3159 ferissigni

253 3184 292 3242 ed.
303 3182 386 3241 Rem.
402 3195 478 3254 1510
511 3185 568 3257 385
585 3182 625 3239 tui
644 3181 774 3239 Vosst'ani
784 3181 843 3239 suis
858 3180 897 3239 be
910 3183 995 3256 uulgo
1029 3181 1136 3239 Malim
1152 3183 1218 3240 tuis·

295 3280 387 3340 Miror
407 3280 552 3338 neminem
568 3278 631 3355 Ipse
643 3281 700 3337 luis
713 3296 874 3349 reuocasse,
890 3297 973 3338 more
993 3278 1163 3351 Maniliano,
1179 3279 1216 3338 de
1238 3298 1302 3356 quo

255 3379 345 3438 fusius
369 3378 429 3437 dixi
449 3378 487 3436 ad
507 3378 555 3435 lib.
577 3377 616 3435 ΙΙ.
659 3377 781 3453 Semper
801 3376 861 3435 iere
881 3395 973 3434 unum
999 3376 1118 3454 aliquod
1140 3396 1156 3435 e
1180 3375 1302 3438 Zodiaci

254 3479 344 3554 signis
358 3477 401 3535 sic
416 3476 580 3552 adloquitur
595 3486 689 3552 poeta.

296 3575 391 3635 Totus
406 3575 492 3650 igitur
509 3575 590 3633 locus
604 3574 645 3631 sic
660 3573 781 3633 euadet:

376 3673 440 3732 Nec
462 3671 524 3730 Leo
546 3682 668 3730 uenator
687 3672 790 3742 ueniet,
813 3689 866 3729 nec
888 3670 981 3748 Virgo
1003 3671 1150 3745 magistra,

377 3771 532 3830 Mensuris
544 3780 593 3828 aut
615 3768 702 3828 Libra
722 3781 835 3847 potem,
859 3780 908 3828 aut
928 3769 1069 3846 Scorpius
1089 3770 1185 3841 armiS,

377 3869 594 3946 Centaurusque
616 3869 691 3939 seria,
713 3870 773 3945 igni
795 3868 997 3946 Capricomus‚
1019 3879 1048 3927 et
1068 3869 1154 3929 undis
