2760 4448
234 265 276 332 62
545 277 693 326 noeros
712 276 962 326 MANJLJANAE

232 458 286 497 suo
299 446 489 514 praepropere,
499 445 528 494 et
543 435 643 497 lacobi
657 435 774 494 liberior
785 445 926 495 structura
937 436 1094 494 uerborum
1106 437 1152 495 ‘et
1163 434 1194 509 si,
1208 453 1285 512 quae

233 536 364 613 magistri
375 553 498 611 propere
509 534 667 606 docuerint,
680 552 783 592 euersa
796 534 897 592 erunt!
940 533 1018 592 Nam
1033 545 1082 593 aut
1092 534 1131 593 ad
1148 534 1286 610 Versoque

233 634 428 711 supplendum
443 633 496 691 erit
511 652 547 691 ex
566 633 658 692 altero
672 632 859 691 coniunctiuo
873 634 938 704 seire,
956 633 1035 709 quod
1050 632 1148 692 durius
1162 633 1286 692 sortasse

153 767 156 772 -
233 732 381 792 nonnullis
396 731 546 802 uidebitur,
559 741 608 790 aut
623 731 757 806 Versoque
769 750 840 806 quoe
853 750 889 790 ex
906 731 1002 789 Vertos
1011 751 1082 808 quoe
1092 731 1286 808 deprauatum

234 906 297 956 est:
326 896 408 974 quod
432 895 567 972 equidem
595 893 735 971 praefero.
789 894 935 972 Scriptum
960 894 1055 955 fuerat
1085 829 1189 955 Vertod
1203 844 1284 972 ss·

233 1079 304 1120 mox
318 1078 401 1119 erasa
415 1079 429 1117 s
450 993 727 1134 Veredsgdeefactum
741 1069 785 1118 est
805 1058 942 1136 Versoque
956 1080 1034 1136 quae.
1078 1059 1170 1117 Simili
1185 1077 1286 1118 errore

1170 1157 1288 1220 uelquae

233 1223 326 1285 codex
342 1223 458 1284 Horatii
472 1222 630 1282 Bernensis
644 1225 703 1299 363
719 1241 793 1283 saec.
805 1223 834 1282 ix
850 1224 880 1281 in
894 1224 930 1282 A.
942 1223 974 1284 P.
989 1240 1028 1300 45
1040 1223 1128 1283 habet
1141 1223 1287 1300 Pleraque

234 1324 355 1401 differat.

274 1422 314 1482 II.
331 1426 388 1498 768
404 1440 467 1500 sqq,

600 1515 751 1574 reuocanti
772 1533 881 1575 numen
901 1516 932 1575 in
953 1526 1014 1576 arte

357 1615 412 1673 Per
431 1624 529 1690 partes
550 1613 685 1673 ducenda
705 1614 777 1674 fides
798 1624 826 1672 et
848 1615 962 1690 singula
983 1633 1080 1674 rerum
1136 1614 1143 1623 “

170 1711 172 1715 ’
276 1727 335 1789 77ο
358 1712 432 1790 Sunt
454 1713 593 1789 gradibus
615 1712 757 1771 tradenda
779 1713 887 1772 suiset
909 1731 978 1772 cum
999 1715 1099 1773 omnia
1121 1724 1199 1774 certa

356 1809 467 1869 Notitia
488 1811 617 1869 steterint
638 1811 772 1887 proprios
792 1822 967 1870 reuocantur
988 1811 1026 1870 ad
1046 1830 1125 1870 usus.

277 1939 335 2001 77ο
350 1936 378 1984 et
392 1924 498 1985 Gembl.
511 1923 669 2002 Cus.L2'ps.
685 1925 818 1984 Vosse’one'
829 1927 868 1985 bo
892 1940 946 2001 771
965 1937 1139 1986 reuocentur
1151 1927 1191 1987 ob
1205 1934 1231 1986 et
1243 1929 1286 1987 ed.

233 2022 361 2084 Mole'nz‘e'.

275 2124 379 2201 Inepte
397 2123 524 2183 Iacobus
542 2124 666 2183 seruauit
680 2129 766 2185 et...
785 2131 962 2183 reuocontur.
1005 2123 1199 2183 Scribendum
1215 2142 1286 2184 cum

234 2222 382 2299 Scaligero
396 2229 429 2280 ut
442 2265 450 2283 .
461 2267 469 2282 .
482 2266 488 2280 .
503 2228 673 2282 reuocentur.
717 2221 765 2281 Sic
786 2223 899 2299 saepius
920 2230 1075 2300 praecepta
1092 2241 1144 2281 sua
1158 2223 1287 2283 firmauit

234 2320 380 2394 Manilius,
390 2332 422 2380 ut
438 2335 493 2396 751
509 2340 573 2398 sqq.
588 2320 677 2380 Nunc
691 2323 761 2379 sodi
774 2330 815 2379 est
826 2322 948 2379 docuisse
961 2327 994 2379 ut
1006 2365 1013 2378 .
1026 2365 1033 2379 .
1045 2366 1051 2379 .
1065 2327 1181 2380 notetur.
1224 2341 1285 2398 433

229 2422 367 2496 proximo
395 2439 465 2478 euro
493 2419 615 2479 Noscere
642 2421 741 2478 tutelas
766 2422 824 2494 438
848 2420 966 2478 Pondus
992 2420 1039 2477 uti
1062 2419 1142 2478 rebus
1159 2431 1287 2496 persona

233 2519 370 2594 t'rnponere
377 2521 477 2595 possit.
1125 2504 1133 2510 ’

275 2616 314 2674 ΙΙ.
331 2631 387 2692 772
404 2635 468 2695 sqq.
482 2617 524 2676 sic
539 2616 570 2675 in
587 2614 704 2674 Gembl.

357 2715 402 2774 Ac
424 2715 504 2774 uelut
525 2715 555 2772 in
576 2715 663 2772 nudis
685 2724 865 2790 consurgunt
886 2715 1037 2774 montibus
1059 2716 1147 2776 orbes

357 2812 502 2872 Conditur
523 2822 553 2872 et
572 2830 684 2872 uacuos
705 2813 796 2870 muris
817 2812 999 2872 circumdare
1020 2813 1110 2874 colles

356 2910 491 2970 Destinat
512 2921 579 2970 ante
600 2929 705 2969 manus
726 2928 815 2987 quam
836 2920 957 2986 temptet
978 2911 1113 2971 scindere
1133 2911 1228 2973 fossas

277 3023 335 3085 775
357 3009 451 3068 Vertit
472 3027 550 3086 opus
571 3010 626 3067 ruit
646 3027 715 3068 ecce
737 3027 841 3067 nemus
862 3009 1010 3086 saltusque
1031 3011 1138 3070 uetusti

356 3107 556 3166 Procumbunt
578 3106 728 3184 solemque
749 3125 860 3165 nouum
881 3125 960 3165 noua
981 3109 1076 3168 sidera
1097 3120 1228 3168 cernunt.

704 3220 722 3254 u

275 3285 332 3347 772
355 3273 440 3330 orbes
459 3272 534 3329 codd.
542 3276 657 3347 praeter
673 3272 689 3329 b
704 3272 790 3330 orbes
810 3272 826 3330 b
844 3271 929 3330 urbes
947 3270 1076 3348 Regeoro.
1121 3287 1178 3349 773
1201 3273 1287 3334 Con·

232 3369 308 3429 ditor
326 3370 459 3429 Vosst'one'
472 3370 515 3428 ob
532 3376 559 3427 et
568 3370 695 3444 plerique
709 3368 791 3428 collis
812 3388 836 3430 o.
880 3382 938 3443 774
954 3369 1088 3429 Destinet
1104 3370 1173 3430 Cur.
1195 3371 1286 3432 Voss.¹

232 3466 604 3544 obRegzom.ed.Mole'nei'.
628 3466 754 3525 Distinet
765 3465 909 3525 Stoeberus
918 3486 1008 3526 manu
1019 3466 1150 3546 Scaliger
1160 3481 1286 3547 temptat

232 3586 248 3623 o
264 3566 351 3627 Voss.²
387 3580 444 3641 775
461 3566 553 3642 Vrget
567 3583 643 3641 opus
657 3563 865 3641 locobus.sort.
881 3566 987 3627 Feruit.

273 3694 413 3766 Destruet,
435 3713 495 3752 non
516 3693 650 3764 Deterret,
670 3711 772 3752 uerum
796 3713 859 3754 esse
884 3695 1012 3755 ostendit
1036 3695 1094 3754 loci
1118 3696 1284 3758 sententia:

232 3810 302 3851 narn
317 3795 418 3852 urbem
427 3793 475 3869 qui
491 3793 521 3850 in
536 3791 617 3851 nudo
626 3802 725 3851 monte
741 3793 840 3851 condit
851 3812 951 3852 muros
965 3805 1032 3853 ante
1047 3795 1146 3854 animo
1156 3795 1286 3855 destinat

232 3902 340 3950 struere
369 3909 457 3969 quam
478 3908 569 3951 manu
596 3891 635 3949 ad
660 3891 859 3951 effodiendam
887 3904 993 3952 terram
1018 3902 1047 3952 et
1071 3893 1177 3953 limites
1201 3894 1285 3954 urbis
