2760 4448
255 283 318 343 244
534 279 589 328 AD
610 280 765 328 ARATEA
793 279 1012 328 GEerIAIVICI

253 447 302 522 qui
330 443 505 521 Phosphoro
537 447 597 505 siue
626 445 763 504 Lucifero
788 447 957 522 saepissime
985 446 1162 505 adtribuitur.
1217 444 1304 505 Mart.

253 543 363 620 Capell.
386 544 413 600 ii.
439 547 619 603 nocareto
643 544 829 619 Phosphorus
851 552 937 604 astro.
988 544 1085 603 Schol.
1103 544 1205 603 Germ.
1224 545 1304 603 Atat

252 643 297 700 ed
312 642 509 717 Eyssenhardt
523 661 552 718 p.
568 661 625 714 422
645 649 777 717 quartum
796 644 875 700 sz'clus
897 643 1007 700 Veneris
1023 643 1204 718 Phosphoros
1217 645 1305 701 colore

253 760 345 798 aureo.
387 741 563 798 Tiberianus
581 758 600 797 a
615 739 718 799 Grotio
732 743 837 799 citatus
851 739 969 818 (Baehr.
983 740 1015 801 P.
1029 740 1063 797 L.
1075 740 1120 799 M.
1135 742 1173 799 iii.
1189 761 1218 818 p.
1232 740 1305 819 269)

253 838 366 897 Aureos
386 839 516 897 subducit
534 841 611 913 ignes
630 841 718 896 sudus
737 859 789 896 ora
808 839 886 896 Luci
896 859 934 897 er.
976 839 1080 915 ltaque
1096 841 1217 915 Iuczfiro
1231 860 1305 897 auro

253 938 316 996 h.e.
329 955 419 996 aureo
433 937 529 996 colore
545 937 618 995 lucis
633 938 752 996 orientis
769 955 847 995 nunc
867 937 1058 1013 praetulerim.
1093 937 1205 996 Vltimo
1218 956 1305 995 uersu

254 1035 503 1094 Baehrensianum
544 1054 628 1110 oeque
668 1036 836 1111 reciperem,
871 1036 926 1094 nisi
963 1035 1020 1094 alio
1053 1035 1194 1094 ducerent
1227 1053 1304 1112 quae

253 1145 389 1193 secuntur

376 1232 453 1290 Vere
474 1251 576 1290 cauere
598 1233 705 1290 imbres
726 1242 754 1289 et
775 1232 898 1307 fulgura,
920 1231 1026 1303 Roma,
1048 1243 1199 1291 memento

376 1330 518 1389 Phrixeae
539 1342 571 1388 ut
591 1330 675 1388 rutilo
696 1331 816 1405 pecudis
837 1330 990 1389 radiauerit
1011 1347 1092 1401 auro,

253 1432 292 1488 sic
307 1431 386 1487 enim
400 1428 527 1487 emendo
541 1429 622 1505 quod
635 1428 745 1486 habent
760 1427 839 1486 MSS

375 1527 452 1585 Vere
473 1545 560 1584 eauer
580 1527 689 1584 imbres
709 1537 738 1583 et
759 1526 871 1602 fulgera
891 1528 1108 1586 comamenalto

374 1624 498 1683 Phrixea
520 1625 607 1683 rutilo
627 1624 748 1700 pecudis
769 1624 921 1684 radiauerit
943 1644 1023 1684 auro.

252 1725 344 1784 Poeta
365 1723 493 1783 Romam
514 1723 679 1801 adloquitur
697 1723 794 1781 uerbis
809 1734 816 1752 ⁸
829 1722 1101 1795 ihre-memento¹,'
1116 1725 1215 1800 itaque
1238 1727 1303 1784 hoec

252 1832 277 1881 te
291 1822 474 1881 retinendum
490 1832 553 1880 erat
566 1841 602 1880 ex
618 1821 758 1880 Parisino.

317 1935 355 1995 70
375 1921 501 1979 Vmidus
522 1929 552 1978 at
572 1919 684 1996 gelidos
705 1919 852 1996 portendit
872 1919 1019 1996 Aquarius
1040 1921 1148 1993 imbris

376 2019 582 2095 Hibemaeque
603 2018 711 2077 cadunt
732 2018 847 2094 pluuiae
868 2029 1062 2096 concretaque
1083 2020 1196 2096 grando

377 2117 508 2176 Piscibus
529 2136 547 2175 a
568 2117 699 2192 geminis.
742 2117 801 2174 Vbi
822 2116 917 2192 prima
937 2127 1064 2176 recurret
1085 2118 1115 2176 in
1136 2127 1213 2176 astra

374 2215 571 2292 Phosphoros,
592 2216 664 2273 haec
686 2215 737 2273 tibi
759 2216 843 2290 signa
865 2214 945 2273 dabit
965 2234 1034 2273 eum
1054 2215 1174 2275 lucifero
1195 2234 1269 2275 auro

375 2314 546 2390 ingrediens
576 2313 677 2371 Venus
709 2313 785 2370 alma
816 2315 928 2388 polum.
981 2313 1041 2372 Sed
1069 2315 1120 2372 ubi
1150 2314 1302 2391 Hesperos

455 2412 531 2487 ignis

316 2525 353 2585 75
376 2510 520 2569 Prouocat
542 2509 685 2568 aetherios
706 2520 735 2569 et
756 2519 875 2569 noctem
895 2510 1000 2570 ducere
1020 2512 1101 2569 terris

375 2608 480 2684 Incipit
501 2608 643 2679 exoriens,
665 2607 738 2667 haec
759 2618 787 2666 te
808 2608 945 2667 Citherea
966 2610 1098 2668 monebit

376 2706 471 2765 ‘Vere
493 2724 598 2764 cauere
620 2706 726 2764 imbres
746 2716 775 2765 et
796 2705 918 2782 fulgura,
941 2706 1047 2780 Roma,
1069 2717 1229 2780 mement0,

374 2804 514 2863 Phrixeae
535 2815 567 2862 ut
587 2804 674 2862 rutilo
694 2803 816 2879 pecudis
836 2804 990 2864 radiauerit
1011 2806 1107 2864 astro!

252 2903 342 2976 Quod
369 2918 405 2978 72
429 2903 562 2961 Piscibus
586 2905 746 2977 agminis
769 2921 837 2961 cum
864 2904 1048 2980 praegressis,
1070 2922 1131 2962 non
1160 2922 1229 2962 cum
1257 2922 1302 2962 se-

252 3003 415 3080 quentibus,
431 3002 578 3071 coniunxi,
593 3002 623 3059 id
640 3001 767 3077 postulat
780 3002 933 3076 signorum
947 3003 1034 3061 series
1053 3003 1128 3062 iusto
1148 3003 1251 3061 ordine
1270 3021 1302 3061 se

250 3101 465 3178 excipientium,
480 3101 518 3158 ab
532 3100 630 3159 Ariete
645 3097 709 3180 (50)
724 3120 776 3177 per
789 3100 921 3159 Taurum
937 3099 1080 3160 Geminos
1095 3107 1138 3159 &e
1148 3101 1188 3159 ad
1202 3101 1303 3160 Pisces

252 3196 325 3280 (γε).
367 3199 447 3257 Nam
465 3210 497 3258 ut
515 3200 570 3257 sub
588 3216 768 3276 unoquoque
788 3200 873 3275 signo
887 3198 1082 3258 Germanicus
1102 3210 1205 3258 monet
1226 3217 1303 3276 quae

250 3308 407 3375 tempestas
441 3297 624 3373 expectanda
657 3298 700 3369 sit,
729 3298 771 3357 sic
799 3298 830 3355 in
861 3312 896 3372 72
926 3297 1040 3373 pluuias
1068 3297 1303 3374 grandinemque

251 3397 399 3456 denuntiat
423 3415 440 3453 a
464 3395 605 3455 Piscibus.
648 3397 729 3454 Tum
753 3397 822 3455 dicit
847 3396 927 3467 haec,
951 3396 1024 3453 sicut
1049 3414 1085 3454 ea
1109 3399 1302 3468 enumerauit,

249 3496 395 3554 Venerem
415 3494 590 3571 portendere
604 3495 747 3553 matutino
760 3505 893 3571 tempore
910 3511 977 3551 cum
993 3493 1119 3551 Luciferi
1135 3495 1196 3552 siue
1209 3493 1304 3553 Phos-

248 3593 332 3670 phori
347 3612 455 3652 nomen
470 3609 577 3669 gerens
591 3592 750 3668 ingreditur
764 3593 886 3651 caelum.
928 3592 994 3650 Alia
1007 3602 1179 3668 praemonet
1196 3593 1303 3651 eadem

249 3693 352 3751 Venus
366 3710 433 3750 cum
446 3709 568 3768 uespere
582 3691 717 3749 exoriens
732 3690 964 3767 splendidissima
979 3691 1043 3748 luce
1058 3689 1147 3766 fulget
1157 3701 1304 3750 nocturna

282 3839 291 3868 ¹
309 3845 427 3888 numento
443 3839 624 3904 frequentatum
640 3838 778 3896 didacticis,
791 3837 903 3902 Vergilio
920 3837 952 3886 G.
968 3837 995 3887 ii.
1014 3852 1070 3902 259,
1087 3837 1188 3886 Nemes.
1205 3838 1303 3903 Cyneg.

252 3919 307 3965 200,
323 3918 378 3970 293,
391 3905 479 3953 Manil.
492 3906 518 3953 ii.
531 3917 588 3967 403,
602 3915 656 3968 730.
