2760 4448
163 295 204 363 92
481 289 630 340 NOCTES
649 288 898 338 MANJLIANAE

162 459 194 507 ut
217 467 293 506 omne
317 457 393 506 esset
417 449 587 506 uniuersitas
609 466 713 518 rerum,
736 448 803 506 ‘the
824 446 971 507 universe'
1015 447 1095 506 Nihil
1117 467 1212 508 moror

162 546 192 604 id
217 546 297 622 quod
318 546 406 604 habet
427 544 525 604 Voss.²
545 546 663 604 odorum
672 543 691 617 ¹,
715 546 795 623 quod
816 547 840 604 si
861 555 937 605 esset
958 545 1075 622 aliquid,
1098 546 1213 606 deberet

163 662 226 703 esse
245 645 285 701 od
300 645 400 701 horunc
417 643 463 701 uel
480 644 516 701 ob
537 643 647 715 dorum,
662 662 701 703 sc.
719 644 826 703 axium.
869 643 926 703 Sed
947 654 1053 703 terram
1075 644 1213 720 suspendi

162 742 289 801 mediam
301 760 318 800 a
329 741 440 800 mundo
455 742 554 800 axium
569 743 630 800 siue
645 742 727 801 caelo
743 742 773 800 in
788 760 848 819 quo
861 751 982 819 uterque
996 742 1081 818 polus
1095 744 1213 801 uertitur

163 842 228 919 quis
247 859 378 917 unquam
393 840 484 898 dixit?
506 840 592 899 nimis
610 841 764 914 σοφιστεύει
778 842 828 918 qui
842 841 899 900 hoc
914 840 1067 918 imputabit
1083 840 1214 900 Manilio.

164 939 266 999 Merus
280 948 324 998 est
338 957 417 998 error
431 938 537 996 librarii
551 939 677 1009 odorum,
688 939 806 1015 quicum
820 939 1052 1015 comparandum
1067 948 1131 997 erat
1140 941 1214 997 onz‘z's

163 1038 245 1114 quod
269 1038 346 1096 idem
374 1036 467 1096 codex
494 1036 582 1094 habet
609 1055 662 1112 pro
687 1039 779 1095 omnis
806 1051 872 1112 ²7²·
926 1037 1118 1096 Scribendum
1143 1048 1214 1114 puto

164 1138 280 1194 medeom
295 1137 395 1194 mundo
409 1136 550 1212 suspendit
562 1136 597 1193 ob
610 1135 726 1192 omm'h.
737 1147 873 1214 enatura
887 1135 926 1194 ita
941 1136 1092 1212 suspendit
1108 1146 1215 1194 terram

164 1245 195 1293 ut
208 1235 305 1294 media
319 1236 357 1292 ab
371 1234 452 1292 omni
466 1243 547 1310 parte
562 1233 664 1291 mundi
678 1244 762 1293 esset.

204 1352 234 1392 u.
250 1335 308 1409 328
331 1331 477 1391 Bentleius
492 1332 679 1390 emendatum
693 1331 753 1389 ibat
767 1332 922 1391 scribendo

286 1431 368 1507 Ergo
389 1431 438 1488 ubi
462 1430 641 1489 conscendes
662 1431 763 1489 orbern
784 1430 986 1509 scandensque
1007 1431 1166 1490 rotundum

286 1529 465 1604 Degrediere
488 1527 573 1586 simul

165 1628 245 1705 quod
267 1628 339 1685 mihi
361 1644 455 1702 paene
483 1625 650 1684 incredibile
675 1625 798 1698 uidetur,
821 1636 881 1684 tam
905 1628 1002 1703 inepte
1027 1627 1107 1685 idem
1131 1646 1216 1686 uoca-

164 1727 266 1785 bulum
297 1725 342 1783 bis
369 1727 398 1783 in
431 1742 493 1782 uno
527 1742 613 1782 uersu
648 1723 803 1782 Manilium
833 1726 972 1800 posuisse.
1024 1725 1064 1783 Et
1094 1727 1217 1783 consedes

165 1824 293 1900 quidem,
317 1822 485 1899 quodcum
509 1821 623 1880 Gembl.
651 1832 799 1898 praestant
830 1824 919 1881 ambo
943 1823 1091 1896 Vossiani‚
1119 1825 1177 1882 iam
1201 1825 1216 1880 b
1251 1807 1256 1818 ’

165 1923 196 1979 in
214 1923 380 1992 conscendes,
395 1922 455 1979 oin
476 1922 652 1978 conscendens
667 1921 754 1979 habet
775 1931 957 1980 correctum:
980 1939 1074 1997 neque
1097 1931 1139 1981 est
1160 1921 1217 1978 ulla

166 2030 282 2098 praesto
303 2020 400 2095 potior
424 2019 589 2077 emendatio
598 2017 617 2077 ².
659 2019 700 2076 At
721 2022 856 2076 scandens
876 2039 970 2079 errore
992 2020 1121 2095 positum
1143 2038 1217 2089 reor,

166 2137 235 2177 cum
253 2118 284 2175 in
298 2118 359 2185 aliis
380 2117 530 2176 codicibus
551 2117 702 2192 inquibus
723 2117 908 2188 donadeus
929 2120 973 2177 sit.
1015 2117 1118 2193 Itaque
1140 2117 1219 2176 haud

167 2218 228 2276 scio
243 2236 280 2275 an
302 2216 469 2292 recipienda
484 2216 520 2273 sit
535 2214 674 2291 Scaligeri
696 2215 727 2272 in
745 2216 791 2274 ed.
807 2216 825 2273 i.
840 2216 1007 2275 coniectura
1026 2217 1220 2291 strengensque

166 2316 247 2393 quod
260 2316 322 2392 ipse
337 2316 537 2391 interpretatus
551 2323 595 2372 est
610 2314 801 2390 ‘praeteriens
814 2315 986 2388 παροδεύων’,
995 2333 1051 2390 ego
1066 2315 1168 2372 malim
1182 2314 1219 2372 ad

166 2414 347 2490 superficiem
363 2424 454 2471 terrae
475 2421 503 2471 et
518 2411 723 2470 rotunditatem
738 2412 850 2483 referre,
865 2431 954 2489 quam
969 2413 1051 2490 quasi
1066 2412 1182 2488 stringit
1196 2413 1220 2469 is

167 2513 217 2589 qui
226 2513 278 2571 iter
286 2511 395 2570 iaciens
407 2512 468 2570 siue
479 2520 512 2568 ut
522 2509 658 2568 Romane
666 2510 771 2587 loquar
782 2529 906 2587 carpens
917 2511 955 2569 ab
964 2511 1020 2569 alia
1028 2519 1110 2587 parte
1119 2512 1221 2569 transit
1240 2566 1243 2572 .

167 2610 206 2669 ad
226 2611 321 2669 aliam.
365 2609 424 2668 Sed
445 2628 499 2668 nec
521 2610 678 2666 conscendes
692 2609 877 2668 scribendum
892 2618 961 2679 erat,
976 2627 1078 2668 uerum
1092 2628 1219 2667 conscen-

168 2711 240 2781 dens,
253 2710 292 2767 sic
308 2708 385 2766 enim
399 2707 525 2784 postulat
541 2706 613 2766 ordo
628 2708 791 2778 uerborum,
806 2726 874 2767 curn
889 2709 1037 2766 rotundum
1052 2724 1115 2765 non
1125 2709 1220 2785 magis

168 2808 206 2867 ab
227 2826 263 2866 eo
284 2807 435 2865 diuellatur
454 2805 492 2864 ad
505 2805 588 2882 quod
605 2806 728 2882 pertinet
742 2807 840 2877 orbem,
855 2824 944 2882 quam
963 2806 994 2864 in
1013 2806 1099 2864 simili
1114 2805 1182 2865 loco
1197 2807 1220 2864 1.

171 2909 228 2965 208
257 2907 374 2980 solisque
405 2905 495 2963 orbem
532 2906 666 2979 lunaeque
694 2906 845 2961 rotundum
858 2925 874 2972 ;
898 2923 953 2963 nec
977 2904 1150 2979 chrede'ere
1173 2906 1220 2963 hic

168 3004 265 3063 locum
277 3003 372 3074 habet,
388 3003 438 3062 sed
451 3002 621 3077 Dz'grediere
630 3021 645 3069 ,·
661 3000 786 3078 denique
799 3004 887 3060 seinul
898 3002 1001 3060 melius
1016 3002 1054 3060 ad
1068 3005 1221 3080 sequentia

169 3101 297 3173 refertur,
312 3103 386 3161 sicut
400 3103 459 3160 iam
473 3111 517 3160 est
532 3101 562 3158 in
576 3099 621 3159 ed.
638 3099 725 3158 Rom.
740 3120 765 3158 a.
785 3117 861 3173 1510
876 3101 993 3159 editum.

291 3200 372 3277 Ergo
393 3201 440 3258 ubi
461 3199 662 3259 conscendens
684 3200 784 3257 orbem
808 3200 1011 3276 stringensque
1032 3199 1191 3258 rotundum

291 3298 472 3374 Digrediere‚
494 3297 580 3355 simul
596 3295 686 3373 fugiet
706 3315 772 3374 pars
794 3296 883 3356 altera
904 3307 1005 3369 terrae,

292 3397 393 3455 Altera
407 3397 548 3455 reddetur.

170 3495 293 3567 ‘When
303 3495 454 3564 therefore,
464 3494 604 3570 climbing
617 3493 677 3552 and
688 3494 807 3570 passing
816 3493 936 3572 quickly
946 3512 1014 3553 over
1027 3493 1076 3552 the
1088 3495 1223 3554 rounded

171 3594 282 3654 surface
297 3594 331 3653 ol
338 3593 386 3652 the
396 3592 510 3670 sphere‚
520 3610 579 3668 you
594 3592 672 3651 leave
687 3593 708 3650 it
723 3590 860 3671 (tomove
872 3610 913 3652 on
927 3603 958 3652 to
969 3611 987 3650 a
999 3592 1106 3651 lanher
1116 3591 1223 3674 point),

204 3742 213 3771 ¹
231 3742 258 3792 si
274 3742 350 3792 modo
367 3749 413 3803 est,
429 3757 479 3799 non
497 3739 595 3789 adoris:
614 3714 745 3805 utrumque
764 3741 830 3790 enim
850 3741 932 3806 potnit
951 3740 1055 3806 exprimi
1072 3741 1224 3806 compendio

174 3837 224 3885 qno
236 3821 387 3870 uocabulum
399 3817 518 3882 scriptum
529 3825 566 3866 est
578 3817 602 3865 in
615 3819 699 3866 Voss.²

206 3897 216 3926 ²
233 3899 282 3948 Vix
293 3905 376 3962 potest
387 3911 439 3946 esse
451 3896 566 3960 conficies,
578 3896 645 3959 quod
657 3896 793 3960 aliquando
805 3897 943 3961 suspicatus
955 3911 1028 3946 eram.
