2760 4448
670 245 706 294 η
1162 231 1203 310 65

161 405 237 465 libro
253 419 269 481 7
273 422 291 482 5
306 404 374 465 dicit
387 405 417 466 in
436 405 549 464 desertis
562 403 707 463 habitabat
718 403 853 464 montibus
866 423 978 477 aurum,
992 404 1205 482 prosopopoeia

162 521 225 562 non
238 504 369 563 absimili.

202 601 244 662 II.
260 605 398 678 841-843
414 602 455 662 sic
472 609 571 661 extant
584 602 615 659 in
628 600 744 660 Gembl.

285 699 349 759 Nec
370 709 522 760 contentus
542 700 597 760 eris
618 710 756 778 percepto
777 699 894 760 cardine
914 718 1066 778 quoquam

285 798 440 858 Intemalla
459 799 545 858 etiam
566 799 688 857 memori
709 809 775 858 sunt
797 800 886 858 corde
906 798 1035 860 notanda
1055 783 1058 787 ¹

286 896 342 956 Per
362 897 454 956 maius
474 897 608 957 dimensa
629 916 694 956 suas
714 896 864 956 reddentia
884 899 970 957 uires.

204 993 262 1054 Per
273 1012 377 1054 manus
391 996 528 1055 demensa
542 995 684 1054 odiueesa
698 993 828 1055 dimensa
846 995 930 1055 Voss.²

205 1091 354 1152 Bentleius
367 1095 458 1153 maius
471 1094 502 1152 in
515 1095 654 1169 quadrum
674 1094 796 1154 correxit
805 1113 813 1168 ;
835 1105 864 1154 et
886 1104 931 1154 est
947 1112 1017 1154 sane
1031 1100 1134 1171 queant
1150 1111 1205 1169 pro

162 1197 257 1249 meant
268 1191 404 1250 traditum
412 1192 452 1251 ΙΙ.
467 1207 535 1267 520.
565 1191 623 1252 Sed
636 1192 714 1252 aliud
727 1193 814 1253 latere
827 1193 957 1252 uidetur:
978 1191 1070 1252 fuitne
1084 1194 1206 1250 radoost

163 1289 320 1366 VergAEcl.
326 1290 407 1363 iii.41
420 1290 581 1367 Descripsit
586 1292 668 1349 radio
678 1296 763 1350 totum
773 1292 953 1369 quigentibus
963 1291 1053 1350 orbem
1059 1310 1071 1349 .·
1087 1291 1126 1348 ibi
1136 1290 1202 1348 Ser-

162 1390 245 1448 uius:
266 1407 357 1449 Remo
370 1390 452 1448 idest
463 1392 548 1465 uirga
556 1391 790 1467 philosophorum,
805 1409 861 1466 qua
869 1395 1020 1468 geometrae
1032 1391 1120 1447 loacas
1131 1390 1205 1447 o'ndi-

162 1494 232 1545 cant
320 1488 382 1545 indo
398 1489 548 1565 geometria
570 1489 682 1560 dotetur,
707 1508 769 1547 ouon
793 1508 848 1547 non
867 1494 974 1547 tantum
995 1494 1094 1559 terrae,
1113 1489 1163 1545 sea'
1181 1495 1207 1544 et

164 1585 255 1643 maris
268 1590 294 1642 et
304 1587 375 1644 caeli
384 1593 411 1644 et
424 1587 498 1644 aerei
515 1587 608 1662 spatia
629 1588 723 1644 metiri
740 1587 918 1645 consueuerat.
959 1586 1008 1644 An
1023 1585 1074 1644 suit
1089 1605 1206 1655 neaerae,

163 1702 225 1761 quo
237 1684 383 1744 uocabulo
395 1683 573 1762 Apollinaris
590 1684 726 1744 Sidonius
742 1685 838 1744 Carm.
853 1686 909 1743 xiv.
925 1687 972 1760 65,
990 1687 1027 1742 66
1049 1686 1145 1742 lunam
1166 1686 1207 1741 se'c

162 1782 228 1842 orbe
240 1794 365 1860 supremo
382 1782 520 1840 Terdenas
533 1784 636 1859 tropico
644 1794 732 1859 prope
751 1802 864 1842 currere
883 1785 991 1841 climate
1012 1800 1124 1840 moeros
1138 1799 1207 1840 usus

162 1892 218 1953 est,
232 1881 282 1939 ubi
296 1880 411 1940 codices
426 1880 620 1940 Luetiohanni
634 1901 730 1958 myras
744 1882 880 1941 tradunt?

207 1979 247 2038 11.
263 1982 405 2055 849-851⁸
419 1989 530 2055 praeter
551 1980 666 2038 solitum
685 1979 836 2057 deprauati
856 1980 897 2038 sic
918 1988 1017 2038 extant
1038 1979 1068 2037 in
1089 1977 1207 2037 Gembl.

288 2076 356 2149 Qua
376 2095 443 2154 pars
464 2095 586 2136 occasus
607 2078 773 2138 interimam
794 2096 884 2154 quam
907 2079 961 2136 sub
982 2078 1085 2136 orbem

208 2180 268 2250 850
289 2175 447 2246 Descendit
468 2185 579 2233 mature
599 2176 670 2252 regit
691 2186 824 2253 tempora
845 2177 903 2235 uite

287 2273 328 2332 At
347 2273 463 2350 propria
483 2274 555 2332 serie
575 2274 714 2351 uarioque
736 2275 860 2334 exercita
881 2293 974 2334 cursu.

134 2359 138 2365 ⁸
208 2377 267 2449 849
289 2389 410 2431 occasus
434 2372 678 2449 internimumque
714 2373 801 2431 Voss?
841 2374 916 2432 inter
944 2373 1092 2449 imumque
1123 2371 1207 2429 Voss.¹

166 2472 236 2534 Cas.
250 2471 305 2530 eth
344 2470 423 2543 inter.
432 2487 580 2546 unumque
595 2489 618 2528 o.

208 2574 268 2645 850
282 2568 332 2628 Sic
344 2568 439 2639 Voss.²‚
447 2569 498 2625 sed
504 2577 606 2628 nature
617 2587 671 2626 non
682 2579 793 2628 mature
825 2571 897 2647 regit
907 2569 962 2628 hec
974 2579 1066 2627 mater
1078 2578 1209 2644 tempora
1261 2593 1263 2601 ι

172 2669 260 2728 Voss.l
287 2667 362 2743 regit
382 2665 453 2724 haec
473 2667 663 2727 maturaebo.
706 2671 761 2742 851
781 2669 820 2726 Et
835 2669 965 2727 Vossiane'
977 2666 1044 2728 Cus.
1060 2667 1208 2743 uariatque

168 2766 315 2826 excercito
335 2759 421 2824 Voss.2
434 2782 476 2822 ex<
486 2765 566 2824 uario
580 2774 667 2840 atque
680 2772 713 2823 ut
725 2768 842 2826 utitotur.
922 2834 923 2838 η

208 2864 321 2924 Locum
335 2863 376 2922 sic
390 2863 501 2938 refingo

289 2961 357 3034 Qua
377 2978 444 3038 pars
465 2978 585 3020 occasus
605 2961 680 3021 intra
700 2973 743 3022 est
763 2963 911 3040 imumque
934 2963 988 3022 sub
1008 2963 1109 3021 orbem

289 3059 454 3129 Descendit,
475 3059 548 3135 regit
568 3058 640 3119 haec
662 3071 790 3121 maturae
811 3073 943 3138 tempora
963 3061 1049 3131 uitae,

291 3158 339 3219 Set
360 3175 483 3235 propera
504 3156 576 3216 serie
597 3158 734 3235 uarioque
756 3159 882 3219 exercita
903 3177 996 3218 cursu.

208 3258 356 3318 Bentleius
379 3255 542 3331 corrigebat
567 3257 649 3333 infra
673 3263 719 3329 est,
749 3259 800 3316 sed
827 3257 944 3317 codices
972 3259 1017 3315 int
1042 3265 1208 3316 constanter

166 3364 326 3426 seruamnt,
336 3355 483 3432 potuitque
493 3371 528 3411 ea
538 3371 606 3429 pars
616 3355 687 3413 caeli
698 3357 746 3432 qui
760 3356 834 3414 ultra
848 3373 983 3415 occasum
995 3365 1038 3414 est
1048 3356 1163 3431 iamque
1177 3355 1207 3410 in

166 3459 225 3515 ima
234 3455 334 3532 uergit,
344 3455 420 3511 ziotra
435 3470 573 3511 occasum
584 3450 658 3530 (non
672 3455 750 3512 enim
765 3455 823 3513 iam
837 3464 880 3513 est
893 3453 992 3533 extra)
1005 3454 1070 3512 dici.
1100 3453 1135 3509 In
1148 3455 1203 3523 851

167 3574 228 3614 non
243 3563 319 3613 recte
333 3550 448 3628 ponitur
459 3549 509 3621 At,
518 3567 584 3608 cum
599 3569 723 3629 sequens
734 3571 762 3612 u.
775 3554 812 3611 ab
822 3552 924 3611 eadem
940 3551 1080 3628 particula
1095 3551 1206 3608 initium

166 3654 254 3712 ducat
264 3671 272 3724 3
293 3667 388 3727 neque
401 3647 445 3705 Et
462 3647 542 3723 quod
562 3658 606 3708 est
625 3650 655 3708 in
673 3651 816 3727 plerisque
835 3661 947 3727 praeter
968 3649 1083 3709 Gembl.
1097 3658 1206 3706 rectum

166 3750 272 3810 credo:
301 3749 354 3807 fuit
371 3746 468 3823 potius
489 3743 544 3805 Set.
589 3746 653 3806 Nec
667 3752 788 3826 propria
806 3751 876 3807 serie
899 3767 967 3807 uere
992 3747 1126 3805 existimo
1150 3755 1206 3802 tra-

167 3850 268 3922 ditum,
283 3848 333 3908 sed
351 3855 479 3922 propera,
495 3845 574 3921 quod
594 3857 621 3905 et
643 3849 680 3906 ad
699 3850 822 3907 exercete
841 3846 1094 3906 accommodatum
1113 3853 1165 3915 est,
1178 3851 1207 3900 et

686 3963 703 4003 s
