2760 4448
179 274 242 352 164
491 288 639 339 noeros
659 288 908 339 MAnrrrAuAa

218 443 266 503 Ad
287 444 400 524 singula
414 455 446 505 ut
460 447 585 520 ueniam,
602 449 632 506 in
646 446 727 506 orbe¹
740 446 924 509 retinendmn
945 447 992 507 uel
1003 448 1036 508 in
1049 446 1141 509 orbem
1155 450 1228 510 scri-

176 542 304 607 bendum
314 563 387 617 reor,
399 545 536 605 Pontibus
546 547 679 622 rinpon‘tti·
692 548 723 604 in
736 542 860 627 orbe(m),
872 556 903 605 ut
916 545 1089 606 Salmoneus
1099 548 1229 626 fingatur

175 651 281 718 pontes
291 643 322 701 in
333 644 522 704 orbiculatam
533 645 692 721 quamdam
703 646 830 722 speciem
841 644 952 718 fecisse,
963 647 1025 705 siue
1036 664 1089 722 per
1102 666 1228 708 arcuum

176 740 278 799 seriem
291 742 351 800 siue
362 742 402 800 ita
413 743 547 819 colligato
558 762 623 802 aere
635 754 666 802 ut
677 761 768 802 unum
778 743 927 819 ingentem
937 743 1064 803 efficeret
1075 736 1226 805 circulum.

177 837 235 898 Sed
253 839 284 897 in
302 858 330 899 u.
346 860 385 917 94
400 841 501 900 dubito
518 859 590 899 num
604 841 703 900 Vossii
722 841 918 901 emendationi
937 843 1003 900 dum
1011 843 1149 919 fulmina
1163 863 1227 904 non

175 938 414 1014 praeponendum
430 941 465 998 sit
482 940 705 1016 quoesialmina:
725 939 771 998 cui
788 939 973 998 coniecturae
990 957 1073 999 meae
1090 959 1154 1000 non
1171 944 1226 1001 ob-

174 1044 231 1094 stat
250 1036 329 1112 quod
339 1036 438 1113 fingit,
456 1056 525 1109 non,
543 1024 749 1096 ut'Reinestus
770 1037 893 1109 uolebat,
907 1037 1007 1114 finxit
1022 1038 1160 1097 traditum
1181 1050 1226 1100 est

174 1133 205 1191 in
229 1135 393 1207 codicibus3
423 1155 493 1195 nam
517 1154 655 1213 praesens
677 1135 724 1195 hic
748 1135 895 1194 indicatiui
919 1135 958 1194 ad
986 1136 1113 1213 priorem
1140 1138 1226 1198 illum

173 1227 303 1293 ainzlatur
316 1236 556 1295 accommodatus
572 1234 693 1293 uidetur.
735 1234 837 1311 Itaque
851 1244 944 1294 totum
960 1233 1059 1294 locum
1076 1235 1118 1295 sic
1133 1237 1226 1314 scrip-

174 1349 262 1392 senm
1043 1382 1047 1390 .

295 1415 376 1475 Hinc
396 1415 467 1474 mihi
489 1416 671 1484 Salmoneus,
689 1413 739 1490 qui
761 1412 873 1473 caelum
894 1414 1021 1472 imitatur
1040 1415 1072 1473 in
1093 1414 1225 1498 orbe(m)

296 1513 436 1573 Pontibus
457 1514 608 1591 impositis,
630 1512 783 1588 missisque
803 1530 855 1589 per
876 1529 943 1570 aera
964 1511 1113 1590 quadrigis

293 1611 479 1689 Expressisse
501 1630 607 1671 sonum
627 1609 729 1668 mundi
751 1610 806 1668 sibi
825 1610 905 1669 uisus
926 1619 954 1669 et
974 1611 1072 1688 ipsum

292 1711 469 1772 Admouisse
490 1712 593 1771 Iouem
614 1710 705 1781 terris,
725 1729 796 1786 quae
814 1709 937 1768 fulmina
958 1709 1050 1786 fingit,

294 1809 399 1883 Sensit,
422 1820 451 1869 et
470 1809 616 1869 immissos
637 1808 719 1885 ignes
740 1826 827 1884 super
847 1807 910 1885 ipse
931 1817 1049 1868 secutus

294 1907 390 1968 Morte
411 1908 515 1967 Iouem
537 1908 644 1978 didicit,
664 1917 817 1982 generatus
838 1906 929 1982 possit
949 1905 1058 1966 haberi.

211 2030 247 2090 V.
267 2051 320 2090 101
338 2033 379 2092 sic
393 2032 497 2108 legitur
510 2031 539 2089 in
554 2030 670 2090 Gembl.
718 2034 719 2037 ’

292 2138 350 2198 His
370 2139 423 2198 erit
444 2122 574 2198 Henidhi
596 2155 716 2214 surgens
736 2137 787 2195 tibi
807 2134 902 2194 forma
921 2135 1090 2199 icananda

169 2238 304 2298 conanda
334 2236 420 2297 Voss.l
443 2243 469 2296 et
490 2257 564 2296 corr.
588 2238 746 2312 szrz'ensis
767 2234 901 2294 canenda
926 2233 994 2294 Cus.
1025 2234 1112 2295 Voss¹.
1136 2237 1220 2314 Lips.

168 2336 300 2395 cauenda
314 2356 329 2395 o
343 2336 359 2395 b
372 2335 500 2412 Regium.
514 2335 644 2394 notanda
656 2333 749 2393 Bentl.

209 2433 313 2492 Malim
334 2434 372 2492 ad
392 2434 471 2510 prius
491 2433 562 2492 illud
582 2433 705 2491 cauenda
730 2432 831 2491 redire.
881 2429 961 2490 Nam
985 2431 1143 2508 agitatoris,
1166 2434 1218 2494 de-

167 2532 290 2605 sultoris,
322 2531 479 2604 Salmonei,
509 2530 741 2608 Bellerophontis
773 2529 874 2602 studia,
903 2530 1009 2606 quibus
1044 2529 1218 2591 Heniochus

166 2632 319 2707 praesidet,
341 2632 503 2708 periculosa
527 2641 593 2689 sunt
614 2630 730 2702 omnia;
762 2639 795 2688 ut
813 2629 917 2689 merito
938 2629 1074 2688 timorem
1095 2631 1217 2691 incutiat

166 2729 224 2788 hoc
249 2729 327 2789 sidus
350 2730 517 2806 parentibus
541 2730 596 2788 sub
624 2747 661 2788 eo
688 2728 878 2788 nascentium.
928 2727 1028 2787 Germ.
1049 2727 1129 2788 Arat.
1156 2749 1213 2803 401

166 2825 249 2885 Inter
261 2834 336 2885 certa
349 2831 411 2887 licet
423 2847 548 2886 numeres
561 2824 612 2886 sub
625 2833 699 2884 nocte
712 2827 835 2885 cauenda
852 2824 1027 2884 Turibulum.

207 2924 244 2984 V.
263 2939 329 3000 105,
345 2944 408 3003 sqq.
424 2927 465 2985 sic
479 2935 578 2986 extant
595 2924 756 3018 rpGembl.

733 3041 788 3082 nee
809 3024 894 3082 erede
915 3040 1032 3082 seuerae

221 3195 227 3207 Ι
288 3121 404 3181 Frontis
424 3140 497 3200 opus
518 3121 592 3199 signi
613 3121 725 3181 strictos
744 3121 851 3180 incoda
871 3122 983 3181 catonis

287 3220 508 3298 Abruptamque
527 3220 603 3296 patri
622 3229 790 3296 torquatum
811 3229 840 3278 et
859 3219 971 3278 horatia
991 3217 1070 3277 faeta

287 3318 385 3377 Maius
405 3336 480 3377 onus
501 3319 586 3395 signo
608 3327 651 3376 est
672 3317 754 3375 hedis
774 3336 829 3375 nec
849 3326 932 3376 tanta
950 3316 1073 3393 petulcis

286 3416 472 3476 Conueniunt
492 3416 603 3475 leuibus
623 3415 752 3492 gaudent
772 3415 939 3491 lasciuaque
960 3414 1077 3490 signant

208 3534 264 3574 110
286 3514 418 3573 Pectora.

207 3617 263 3673 106
283 3613 333 3672 An
354 3613 457 3690 gigni?
487 3611 657 3688 strictosque
683 3608 769 3671 Voss?
788 3620 913 3671 structos
932 3610 973 3670 ob
991 3609 1097 3670 incude
1126 3610 1215 3672 Voss}

195 3785 204 3815 ¹
223 3786 303 3836 Aliter
319 3785 470 3837 Thomasius
486 3801 511 3849 p.
530 3798 545 3846 9
562 3784 592 3832 in
609 3783 664 3832 orbe
680 3790 747 3833 ratus
762 3783 804 3834 hic
819 3783 916 3848 opponi
933 3784 1005 3844 caelo,
1016 3790 1043 3834 ut
1057 3783 1079 3834 1.
1093 3782 1142 3847 760
1152 3785 1217 3834 Huc

162 3852 275 3915 migrant
290 3869 321 3901 ex
331 3852 394 3911 orbe,
402 3865 524 3915 suumque
532 3849 675 3897 habitantia
682 3850 785 3911 caelum,
794 3849 829 3898 11.
840 3858 894 3912 127,
904 3852 919 3899 8
930 3850 994 3911 Quis
1006 3856 1077 3914 negat
1083 3865 1132 3899 esse
1142 3849 1216 3913 ndat

161 3918 276 3967 inuitum
283 3918 406 3983 prendere
417 3917 549 3974 mundum,
563 3915 601 3965 Et
612 3915 683 3965 uelut
694 3915 723 3963 in
735 3921 809 3966 semet
819 3921 917 3981 captum
929 3915 1044 3967 deducere
1054 3915 1084 3965 in
1094 3914 1200 3967 orben?
