2760 4448
673 242 709 293 ι]
1170 247 1210 309 41

160 419 198 461 ex
213 402 301 460 ternis
313 400 464 463 uitiatum:
487 411 625 480 amatque
639 400 778 462 Manilius
789 419 927 462 numeros
941 419 1011 462 suos
1021 402 1051 461 in
1067 401 1155 480 partis
1168 421 1215 462 re·

161 500 285 572 soluere,
300 500 458 560 diuidendo
472 509 501 560 et
515 500 744 577 multiplicando.
781 499 822 559 At
841 518 920 560 nunc
938 501 1051 561 Iacobo
1065 500 1214 560 adsentior

161 599 346 658 retinendum
365 618 430 659 esse
448 606 619 670 terrae,11ec
639 608 738 658 tamen
757 598 812 658 hac
833 600 1042 675 significatione
1060 600 1107 658 ‘in
1128 618 1213 659 usum

160 693 323 755 terrarum'
345 715 435 774 quarn
456 697 583 756 Iacobus
604 697 705 768 uoluit,
721 697 772 755 sed
794 708 826 756 ut
846 697 1014 756 adnectatur
1029 698 1121 757 uerbo
1140 699 1215 756 scri-

159 795 287 855 buntur:
307 795 400 854 sidera
414 795 617 854 adscribuntur
631 797 692 855 siue
706 795 898 872 adsignantur
912 805 1005 854 terrae
1019 796 1059 855 ita
1072 807 1104 854 ut
1118 807 1215 856 aestas

160 892 330 964 aGeminis,
342 903 499 953 autumnus
511 893 667 971 aVirgine,
679 894 809 953 brumaa
821 895 983 970 Sagittario,
996 912 1049 953 uer
1057 914 1075 954 a
1084 896 1215 955 Piscibus

160 993 288 1068 incipiat.
331 992 411 1064 Quia
431 1002 569 1070 quattuor
593 993 662 1051 anni
686 1001 822 1068 tempora
844 1002 936 1051 terrae
960 993 1113 1052 distributa
1138 1003 1215 1066 sunt,

161 1101 255 1151 terrae
276 1092 306 1149 in
323 1093 397 1151 haec
415 1093 582 1150 distributae
602 1091 708 1167 pariter
727 1091 930 1150 adtribuuntur
948 1092 1044 1150 sidera
1065 1111 1118 1168 per
1138 1110 1214 1170 quae

148 1201 299 1267 quattuor
312 1209 365 1249 eae
379 1202 476 1266 partes
491 1199 689 1266 temperantur
703 1200 731 1247 et
745 1200 893 1266 reguntur.
934 1188 999 1250 Nec
1013 1208 1082 1249 sane
1096 1190 1214 1267 placent

160 1297 251 1360 terna,
266 1309 354 1347 uerna
369 1290 399 1347 in
413 1288 491 1347 idem
506 1288 647 1359 cadentia,
661 1289 739 1347 idem
754 1289 897 1347 sonantia.

205 1387 244 1447 11.
265 1401 402 1462 ayo-272
420 1387 538 1446 Gembl.
553 1388 595 1445 sic
610 1387 727 1445 tradidit

286 1485 352 1545 Nec
374 1487 441 1545 satis
463 1496 506 1544 est
526 1485 661 1562 proprias
681 1486 833 1561 signorum
854 1503 978 1544 noscere
999 1485 1108 1545 formas

285 1584 442 1644 Consensu
463 1602 583 1663 quoque
604 1583 663 1642 iata
684 1594 806 1643 mouent
827 1594 855 1643 et
876 1583 991 1643 saedere
1012 1583 1142 1661 gaudent

283 1747 382 1826 Atque
404 1747 466 1807 aliis
487 1747 559 1807 aliae
580 1679 838 1806 succedudilssorte
859 1747 992 1826 locoque.

206 1862 261 1922 ²7²
284 1847 347 1906 aliis
361 1847 433 1906 aliae
451 1845 518 1906 Cur.
540 1843 652 1904 Vors.¹b
667 1845 714 1903 alii
728 1846 783 1906 alie
797 1866 812 1904 o
826 1846 881 1905 illis
895 1847 949 1906 alie
971 1847 1058 1906 Voss.²

203 1946 349 2005 Bentleius
369 1953 457 2003 sortes
478 1964 532 2022 pro
542 1945 671 2023 formas,
686 1946 761 2002 altizs
781 1947 842 2002 alric
863 1963 918 2021 pro
936 1946 1004 2003 aliis
1023 1946 1097 2003 alciae
1112 1945 1212 2004 edidit.

160 2045 257 2122 Atqui*
275 2055 363 2121 poeta
387 2043 488 2120 paucis
511 2054 578 2101 ante
600 2041 672 2101 haec
693 2044 824 2101 uersibus
846 2057 904 2118 257
928 2061 992 2120 sqq.
1015 2043 1052 2102 de
1076 2044 1214 2102 membris

160 2143 309 2213 truncatis,
323 2141 381 2200 hoc
396 2153 451 2214 est,
467 2140 619 2220 deformis
633 2142 759 2200 siderum
773 2141 887 2200 locutus
902 2150 954 2199 est.
999 2140 1057 2200 Sed
1071 2160 1126 2200 nec
1140 2143 1214 2199 altos
1273 2188 1274 2191 ,

159 2245 222 2302 alsa
233 2242 430 2302 necessarium
441 2241 576 2312 arbitror;
590 2242 664 2298 oliae
674 2240 787 2300 formae
798 2241 949 2316 signorum
961 2241 1029 2298 aliis
1040 2240 1210 2312 succedunt,

161 2351 250 2419 prout
277 2349 387 2399 sortem
416 2339 546 2416 singulae
573 2339 683 2397 habent
713 2339 858 2397 locumue.
910 2338 1027 2416 Ecquid
1054 2338 1212 2398 sollennius

159 2439 286 2499 Manilio
300 2456 390 2516 quam
405 2437 524 2496 Zodiaci
538 2438 623 2514 signa
636 2448 786 2514 tamquam
801 2438 878 2513 ζῴδια
891 2454 1132 2509 commemorare,
1147 2437 1174 2496 h.
1186 2457 1212 2496 e.

160 2557 230 2598 cum
245 2549 324 2596 certa
338 2538 568 2612 configuratione
582 2537 804 2595 membrorum?

204 2637 244 2696 Π.
261 2650 319 2711 279
335 2655 400 2713 sqq.
420 2636 462 2694 sic
476 2646 576 2694 extant
590 2636 620 2693 in
636 2634 750 2693 Gembl.

284 2734 411 2811 Laniger
433 2744 461 2792 et
482 2735 601 2810 paribus
622 2734 721 2810 spatiis
743 2732 802 2791 duo
824 2732 907 2807 signa
928 2732 1022 2792 leonis

205 2837 265 2892 280
286 2834 383 2909 Atque
405 2832 543 2907 sagittarii
563 2831 678 2890 diuerso
700 2831 841 2907 conspicit
862 2842 936 2890 ortu.

285 2930 414 3006 Virginis
434 2939 463 2989 et
483 2929 558 2989 tauri
580 2930 751 3006 capricorno
773 2938 917 2986 consonat
938 2938 1047 2987 astrum

285 3028 408 3088 Caetera
429 3037 496 3087 sunt
518 3028 605 3086 simili
624 3029 735 3098 ratione
757 3026 901 3102 triangula
922 3027 1007 3103 signa

286 3129 342 3188 Per
361 3128 483 3188 totidem
504 3129 586 3187 tortis
608 3130 712 3187 desunt
734 3146 808 3206 quae
830 3127 948 3186 condita
969 3129 1082 3188 mundo

286 3227 344 3285 Sed
364 3226 521 3286 discrimen
541 3228 595 3285 erit
617 3227 725 3286 dextris
746 3244 797 3285 seu
819 3244 907 3284 causa
923 3225 1038 3285 sinistra

205 3329 263 3401 285
286 3325 372 3398 Quae
393 3327 518 3385 subeunt
539 3344 614 3403 quae
636 3325 812 3402 praecedunt
833 3325 933 3384 dextra
954 3343 1018 3384 esse
1039 3324 1176 3385 feruntur.

284 3423 413 3483 Dextera
433 3425 485 3482 erit
506 3434 589 3482 tauro
611 3423 815 3500 Capricornus
839 3424 923 3500 uirgo
945 3424 1068 3483 sinistra.

285 3521 355 3581 Hoc
376 3523 444 3582 satis
464 3523 600 3598 exemplo
621 3534 672 3582 est.

190 3634 263 3695 .279
279 3618 408 3697 Laniger
419 3632 448 3679 et
458 3622 559 3678 codices
584 3620 734 3697 Lanigere
746 3620 879 3697 Scolzger
902 3640 938 3679 ex
951 3622 1047 3678 maltos
1072 3617 1210 3693 Lanigeri

162 3717 289 3778 Iacobus.
323 3722 383 3777 280
404 3719 545 3796 conspicit
556 3719 688 3794 Lipsob
702 3721 849 3795 conspicis
866 3719 1001 3777 Vossz'am'.
1039 3719 1096 3790 283
1118 3716 1210 3776 totio.

203 3815 326 3878 Difficile
354 3827 398 3878 est
425 3818 498 3877 inter
525 3820 665 3894 conspicit,
693 3819 829 3895 conspicis
862 3817 1037 3877 diiudicare:
1071 3814 1142 3873 illud
1171 3816 1210 3875 ad
