2760 4448
159 281 203 342 40
471 272 619 325 NOCTES
638 271 889 323 MANILIANAE

159 443 260 512 pareat
281 433 423 492 iuuenem
445 450 512 492 curn
530 430 612 490 Vrna
632 449 724 489 unum
742 431 863 508 Aquarii
885 429 1002 508 signum
1024 429 1211 490 constituere.

162 532 266 610 Neque
278 532 357 591 aliter
369 530 528 590 Bullialdus
540 531 590 589 ‘ait
601 529 851 590 constellationem
865 518 957 588 totam
966 527 1087 606 Aquarii
1101 528 1212 587 mixtae

111 616 114 624 ¹
161 649 226 695 esse
251 633 314 687 κατὰ
338 632 384 701 τὴν
406 632 546 703 μόρφωσιν
567 638 696 700 naturae,
717 627 774 687 hoc
799 638 842 687 est
868 637 999 687 terrenae
1023 636 1052 685 et
1076 644 1211 703 aqueae3

162 728 242 806 quod
262 728 389 787 hominis
409 727 510 805 figura,
530 728 579 804 qui
601 736 728 785 terrenus
750 736 802 795 est,
822 735 944 797 constet,
967 736 995 784 et
1016 724 1097 802 quod
1119 741 1212 800 aquas

162 827 263 886 fundat
285 826 472 902 Ganymedes
497 826 559 884 ille?
610 824 656 883 Ea
677 843 770 902 aquae
792 824 868 883 lusio
889 843 958 884 cum
982 843 1019 883 ex
1048 823 1137 882 stellis
1160 822 1213 882 fiat

162 925 232 983 xxxi
253 944 290 984 ex
311 925 416 1002 quibus
437 923 532 983 clarae
554 922 637 991 duae,
660 925 749 982 nitens
773 924 878 982 dicitur
901 940 920 981 a
942 921 1075 981 Manilio.
1119 919 1213 992 Quod

162 1024 219 1082 nisi
238 1023 365 1082 adiectus
386 1032 463 1082 esset
483 1040 584 1081 uersus
604 1022 651 1080 ille
667 1040 735 1097 232,
750 1022 875 1080 incertus
896 1031 971 1081 esset
993 1020 1083 1080 lector
1097 1019 1213 1079 Manilii

162 1122 314 1200 quomodo
328 1140 465 1180 commune
478 1121 594 1197 signum
608 1120 752 1194 Aquarius
767 1120 916 1179 diceretur.

205 1219 295 1292 Quod
319 1238 355 1278 ex
381 1219 548 1278 coniectura
572 1219 656 1295 posui
681 1218 813 1294 Parsque
837 1220 950 1276 marina
975 1219 1064 1277 nr'lens
1072 1217 1219 1296 fundenti

162 1330 268 1395 semper
280 1337 428 1394 aquarum,
444 1318 583 1376 uolebam
599 1317 739 1375 laboranti
756 1320 912 1392 ταυτολογίᾳ
931 1316 1076 1392 opitulari.
1122 1315 1213 1374 Com·

164 1435 253 1475 mune
264 1417 381 1492 signum
398 1417 503 1475 dicitur
513 1416 659 1492 Aquarius
674 1433 799 1493 cumque
813 1435 850 1474 eo
861 1434 929 1492 pars
943 1416 1055 1474 marina
1070 1430 1214 1492 aquarum

165 1516 260 1574 nitens
275 1513 302 1571 h.
317 1533 342 1572 e.
357 1531 424 1572 cum
439 1514 530 1572 nitore
544 1513 653 1572 cadens
668 1531 783 1589 semper
797 1513 938 1573 fundenti.

207 1613 336 1688 Scaliger
357 1618 437 1686 atque
461 1613 509 1668 illi
529 1613 624 1687 degere
647 1612 770 1670 mutauit
793 1613 823 1669 in
845 1614 959 1688 aequali
971 1612 1095 1690 foedere,
1125 1610 1214 1686 idque
1259 1621 1264 1629 '

165 1710 313 1769 Bentleius
332 1710 534 1785 conprobauit.
578 1709 636 1768 Sed
657 1710 772 1768 uidetur
792 1712 912 1788 propius
935 1731 953 1770 a
973 1729 1044 1770 uero
1065 1711 1168 1769 abesse
1189 1709 1214 1766 is

165 1810 216 1886 qui
235 1809 348 1883 aequali
362 1809 451 1865 sedere
472 1808 621 1879 diuinauit,
639 1818 671 1867 ut
694 1808 724 1867 in
748 1808 818 1886 Fayi
842 1810 970 1868 editione
992 1809 1111 1885 legitur:
1134 1817 1214 1866 certe

165 1907 222 1966 hoc
243 1909 341 1984 potius
361 1905 490 1965 indicant
509 1906 619 1965 litterae
634 1906 794 1966 Vossiani²
813 1915 895 1984 atque
913 1910 973 1967 illis
992 1909 1096 1984 dz'gere.

206 2005 246 2063 ΙΙ.
264 2019 365 2080 252,3

215 2104 216 2108 ’
288 2102 396 2180 Tuque
417 2113 475 2174 tuo,
496 2101 681 2179 Capricorne,
704 2104 771 2180 gelu
792 2115 958 2164 contractus
978 2105 1009 2163 in
1030 2104 1114 2163 astris

269 2201 399 2264 †Contra
420 2201 495 2260 iacet
515 2201 629 2261 Cancer
649 2202 779 2278 patulam
800 2204 939 2262 distentus
960 2205 990 2262 in
1012 2203 1120 2262 aluum.

207 2301 263 2360 Pro
275 2300 384 2361 Contra
398 2298 535 2379 (Contrat
546 2298 676 2378 Gembl.)
691 2302 761 2358 earet
773 2301 900 2360 Iacobus
915 2302 1003 2360 edidit
1018 2301 1122 2372 Prone,
1135 2302 1216 2359 zares.

168 2399 270 2458 Malim
281 2398 389 2469 Crura,
399 2400 486 2457 taces:
499 2398 653 2474 porrigitur
663 2398 741 2456 enim
750 2398 838 2458 altero
848 2419 930 2459 crure
942 2402 996 2459 sub
1011 2419 1042 2458 se
1056 2399 1216 2476 duplicato,

166 2498 257 2557 altero
271 2507 401 2568 curuat0‚
413 2496 495 2573 quasi
509 2496 576 2572 gelu
585 2496 697 2571 rigeret.
727 2497 823 2555 Etiam
834 2498 871 2556 V.
884 2500 940 2556 168
951 2499 1029 2557 idem
1037 2497 1217 2558 uocabulum

166 2596 269 2654 uitium
290 2595 375 2653 traxit
395 2613 464 2652 nam
478 2595 562 2652 turba
574 2596 745 2672 perfundere
762 2604 854 2655 certa
867 2599 997 2673 pilarum
1012 2596 1083 2675 qui'd
1097 2604 1143 2655 est
1160 2595 1218 2654 nisi

167 2701 187 2751 t.
195 2703 228 2769 p.
244 2712 352 2751 crura
363 2692 417 2768 p.?

209 2791 249 2850 II.
267 2792 408 2864 265-269
432 2789 474 2848 sic
489 2799 590 2849 extant
604 2791 634 2848 in
649 2790 765 2851 Gembl.

291 2887 489 2964 Temporibus
511 2906 628 2965 quoque
649 2901 716 2949 sunt
736 2893 862 2968 propriis
882 2892 1021 2969 pollentia
1042 2892 1127 2969 signa

289 2987 395 3046 Aestas
416 3005 434 3044 a
455 2987 578 3061 geminis
599 2997 754 3047 autumnus
776 2991 886 3067 uirgine
908 2993 999 3067 surgit

214 3087 270 3159 267
293 3083 403 3142 Bruma
424 3082 589 3159 Sagittifero
610 3104 662 3145 uer
683 3087 811 3163 piscibus
832 3088 933 3166 incipit
954 3107 1018 3148 esse

293 3183 438 3254 Quattuor
459 3181 489 3238 in
510 3189 600 3269 parth
622 3185 786 3244 scribuntur
807 3188 911 3263 sydera
932 3199 1025 3246 terrae

291 3281 425 3339 Hiberna
445 3282 561 3343 aestiuis
582 3284 730 3342 autumnis
751 3303 841 3343 uerna
862 3296 1034 3363 repugnant.

212 3383 269 3453 267
292 3379 333 3438 ire
346 3378 438 3438 Bentl.
483 3383 540 3439 268
564 3391 654 3440 terrae
668 3383 744 3440 codd.
787 3393 868 3442 terna
884 3384 976 3443 Bentl.
1020 3386 1079 3459 269
1100 3385 1220 3461 impug-

169 3479 241 3536 nant
263 3477 349 3534 Voss.²

210 3575 358 3634 Bentleius
382 3577 476 3635 sidera
500 3585 591 3636 terrae
615 3578 645 3634 in
665 3580 759 3637 sidera
779 3587 860 3638 terna
881 3581 1050 3658 refingebat,
1072 3578 1145 3641 haee
1167 3580 1220 3640 ad·

170 3684 276 3734 notans
298 3673 389 3732 ‘Tria
411 3675 506 3734 sidera
527 3675 716 3752 adsignantur
737 3688 871 3755 quattuor
892 3680 961 3737 anni
983 3680 1132 3756 partibus;
1157 3680 1221 3739 ueri

171 3775 275 3848 pisces,
291 3773 374 3840 aries,
389 3783 505 3844 taurus3
527 3784 555 3833 et
573 3775 614 3833 sic
630 3774 785 3853 deinceps!
829 3778 897 3836 Hoc
911 3797 1013 3837 uerum
1027 3778 1220 3849 credideram,

171 3887 241 3930 nam
255 3870 349 3930 codex
365 3870 487 3949 Collegii
497 3872 635 3950 Corporis
651 3873 755 3934 Christi
770 3878 854 3936 terrei
868 3876 898 3934 in
916 3880 972 3952 278
989 3877 1117 3936 similiter
1131 3875 1221 3937 habet
