2760 4448
632 259 657 309 ν
1104 252 1165 333 167

121 433 197 494 quae
208 416 248 477 sic
259 415 365 477 inesset
374 415 470 477 uerbis
481 417 556 475 dedit
566 424 593 476 et
603 418 707 494 dignus
719 418 895 497 adsulminu
906 412 989 493 uires,
998 439 1090 498 paene
1099 421 1168 481 ridi·

121 516 187 575 cule
201 516 357 593 fingeretur
370 534 459 593 capra
469 534 545 593 quae
559 516 604 576 lac
620 535 705 576 suum
719 517 822 577 infanti
835 520 968 595 praebuit
972 521 1167 597 fundamenta

122 615 163 674 sic
174 615 305 691 posuisse
316 615 453 686 tonandi;
471 614 552 673 aliter
562 633 597 673 ea
608 615 770 674 rudimenta
781 616 908 676 dicturus
919 628 987 676 crat.
1021 619 1167 696 Equidem

122 713 253 790 suspicor
261 724 378 790 poetam
388 713 535 790 scripsisse
545 715 733 789 Pupementa
744 713 853 773 ‘meat’
865 716 926 775 siue
946 714 1166 794 ‘daintymeat,'

121 812 175 870 etsi
185 811 242 870 hoc
252 811 375 870 uerbum
391 812 427 870 de
442 812 515 870 lacte
529 812 570 871 sic
583 821 754 888 usurpatum
769 831 830 871 non
844 813 939 873 habeo
952 815 1031 874 unde
1042 815 1166 875 fulciam.

121 908 203 968 Dixit
217 909 334 987 quidem
353 909 456 969 Cicero
471 910 560 969 Tusc.
579 909 661 987 Disp.
678 931 704 970 v.
725 931 772 986 32·
792 930 831 987 90
852 913 939 971 cubile
959 920 1046 985 terra,
1061 917 1168 991 pulpu-

121 1015 240 1067 mentum
249 1009 356 1086 fames‚
384 1010 453 1067 lacte
469 1029 545 1067 caseo
567 1029 651 1067 carne
669 1028 780 1067 uescor:
807 1011 858 1069 sed
877 1030 937 1085 non
954 1013 1078 1071 multum
1099 1013 1169 1072 hinc

120 1107 264 1184 praesidii.
318 1107 376 1165 Sed
400 1116 498 1166 tamen
521 1107 591 1166 satis
610 1108 680 1184 quid
703 1108 831 1180 uoluerit,
853 1109 1022 1185 explicauit;
1052 1111 1168 1170 namsi

122 1224 244 1284 quaeras
264 1205 341 1264 unde
366 1205 587 1283 pulpamentum
611 1224 699 1283 capra
720 1206 793 1278 Ioui,
811 1217 839 1266 et
859 1208 1042 1270 cuiusmodi?
1070 1211 1169 1269 statim

120 1304 277 1381 respondet
297 1303 433 1363 addendo
448 1311 591 1380 pectusque
609 1306 735 1381 r'mpleur'i
749 1306 856 1364 henniis
871 1307 959 1365 Lacte
979 1326 1037 1366 sue.
1079 1307 1168 1367 Firm.

120 1404 176 1462 viii.
193 1406 209 1461 6
227 1398 376 1462 Exoritur
388 1413 476 1478 cupra
488 1423 573 1479 quum
580 1403 720 1482 fabulosi
728 1412 823 1480 poetae
840 1407 971 1464 uleineuta
989 1408 1088 1464 uolunt
1103 1406 1173 1464 Ioui

119 1502 260 1579 e'nJ'untulo
268 1500 439 1577 praebuisse.
1145 1516 1148 1521 ·

163 1599 200 1659 V.
218 1613 274 1675 135
290 1618 354 1677 sqq.
369 1600 410 1659 sic
420 1609 521 1658 extant
535 1599 565 1658 in
580 1597 697 1659 Gembl.

244 1698 324 1757 Hinc
344 1697 419 1756 fidae
439 1707 551 1757 mentes
572 1699 819 1777 tremebundaque
840 1698 929 1759 corda
949 1710 1084 1761 creantur

245 1796 409 1874 Suspensas
430 1797 558 1873 trepidus
579 1796 691 1856 leuibus
711 1798 840 1857 obnoxia
862 1798 964 1858 uentis.

165 1907 221 1972 137
244 1894 301 1954 His
321 1894 409 1954 etiam
429 1894 579 1972 ingenium
599 1895 730 1954 uiscendi
750 1897 852 1972 ignota
873 1879 980 1974 cupido

244 1992 284 2052 Vt
305 2011 383 2052 noua
402 2012 456 2071 per
476 1994 628 2070 noctisque
649 2005 736 2053 ruunt
757 1996 873 2054 arbusta
895 1996 1023 2073 capellae
1050 2045 1053 2051 .

244 2092 365 2169 Semper
385 2101 414 2151 et
434 2091 553 2150 ulterius
573 2101 727 2169 pascentes
748 2093 866 2152 tendere
887 2094 1025 2170 gaudent.

165 2194 222 2266 136
244 2191 365 2267 trepitus
392 2188 479 2250 Voss?
499 2190 667 2268 lenibusque
687 2191 789 2249 codices
805 2193 941 2268 plerique.
966 2206 1020 2268 137
1039 2192 1171 2270 ingenies

120 2290 245 2349 tuisendi
268 2288 353 2349 Voss.2
402 2292 459 2365 138
474 2309 527 2366 per
540 2292 634 2348 noctis
648 2289 712 2348 ruia
726 2291 843 2350 arbusta
865 2289 952 2350 Voss.²

166 2391 222 2465 136
238 2387 375 2464 Corriges
397 2387 538 2464 Suspenso
556 2394 588 2445 ut
606 2391 737 2463 strepitus
752 2388 805 2468 (sic
819 2388 891 2447 Luc.
906 2388 1029 2449 Mueller
1043 2389 1079 2449 de
1094 2408 1115 2448 r.
1130 2408 1169 2449 m.

120 2507 149 2566 p.
176 2483 256 2568 320),
285 2505 346 2545 non
373 2489 404 2546 iu
431 2488 561 2562 strepitus
589 2487 670 2562 quod
696 2488 797 2545 maluit
825 2486 983 2548 Bentleius‚
1029 2487 1104 2547 Mox
1139 2489 1170 2547 in

124 2599 180 2662 137
201 2582 302 2646 Voss.²
322 2585 410 2644 habet
434 2586 555 2660 eugentis
578 2586 706 2656 turisendi,
729 2586 806 2644 unde
831 2585 956 2645 Iacobus
981 2589 1108 2662 ingenita
1132 2594 1173 2645 est

120 2685 210 2744 edidit
216 2703 225 2756 ;
256 2684 308 2742 sed
327 2693 360 2742 ut
379 2690 470 2744 iumen
490 2700 544 2760 pro
564 2685 647 2742 eleum
672 2702 709 2741 ex
730 2683 846 2743 Veneto
871 2683 972 2743 codice
993 2686 1170 2762 praetulerit.

120 2783 189 2860 Ego
210 2802 247 2842 ex
261 2780 417 2842 Vossiani²
438 2781 579 2861 scriptura
598 2784 736 2858 engeuebst
754 2783 851 2859 potius
872 2782 955 2842 elicio
965 2801 974 2854 ;
1000 2783 1063 2843 uult
1083 2794 1172 2861 poeta

120 2883 208 2942 etiam
231 2883 286 2941 sub
309 2899 398 2958 capra
419 2882 495 2940 natis
520 2899 604 2940 suam
626 2880 756 2940 indolem
777 2881 987 2957 ingeniumque
1012 2900 1086 2954 esse,
1109 2900 1170 2959 quo

120 2982 198 3041 ducti
219 2981 319 3057 ignota
341 2981 435 3039 uisere
458 2979 596 3056 cupiant:
630 2979 744 3038 datiuus
770 2990 813 3038 est
837 2983 957 3057 urgente,
982 2980 1011 3039 h.
1026 2999 1051 3039 e.
1072 2981 1172 3040 locum

120 3080 210 3139 habet
228 3079 336 3155 ingenii
357 3078 418 3137 siue
438 3077 551 3136 indolis.
597 3079 653 3151 138
673 3084 814 3153 quaerunt
827 3090 1018 3138 correxerunt
1043 3079 1172 3156 Scaliger

121 3177 277 3238 Reinesius
287 3177 450 3248 Bentleius3
463 3187 519 3252 per
527 3182 628 3234 mentes
639 3174 795 3248 Bentleius‚
810 3177 848 3236 ad
863 3179 1036 3236 sententiam
1051 3178 1171 3254 quidem

121 3277 240 3353 optime,
252 3276 290 3334 ad
300 3274 557 3353 palaeographiam
567 3275 617 3332 uix
628 3275 697 3332 satis
710 3286 786 3334 certe
793 3295 802 3349 3
825 3294 880 3334 nec
890 3275 1020 3334 Withofii
1032 3285 1059 3334 et
1071 3276 1171 3335 iacobi

115 3377 243 3453 pernices
258 3373 329 3432 mihi
343 3374 462 3451 quidem
476 3373 545 3432 satis
559 3372 635 3432 facit.
671 3372 749 3431 Nam
764 3383 859 3450 potest
874 3375 913 3432 ita
926 3392 1027 3432 uerum
1046 3392 1110 3433 esse
1117 3384 1172 3448 per

121 3479 210 3533 noctes
224 3474 248 3532 si
262 3473 388 3550 capellas
402 3473 453 3531 tibi
467 3471 584 3530 finxeris
598 3481 684 3531 nocte
699 3472 841 3544 sublustri,
858 3472 957 3548 quales
971 3472 1078 3531 multae
1093 3472 1172 3532 Italis

122 3581 198 3644 sunt,
212 3591 248 3633 ex
262 3589 368 3631 somno
382 3570 521 3629 excitatas
535 3570 635 3646 pabuli
650 3569 746 3629 studio
760 3571 791 3627 in
806 3571 921 3630 diuersa
935 3570 1009 3629 ferri.
1053 3571 1172 3629 Vltereies

115 3677 259 3748 pascentes
285 3671 391 3729 tendere
419 3669 549 3743 gaudent
578 3679 646 3743 apte
680 3667 801 3727 illustrat
827 3668 1022 3745 Aeschylcum
1057 3673 1173 3742 πρόνομα

121 3773 189 3838 βοτὰ
210 3768 301 3846 Supp.
321 3771 390 3844 670,
407 3767 457 3827 ubi
472 3765 625 3826 Tuckerus
646 3767 677 3824 in
697 3767 764 3826 edit.
783 3770 859 3841 1889
883 3767 923 3825 sic
945 3766 1057 3826 disserit
1080 3768 1172 3828 ‘This

122 3867 382 3945 forward·graaing
402 3884 461 3927 was
486 3884 520 3926 so
544 3864 631 3925 much
653 3866 741 3926 noted
766 3866 805 3942 by
825 3865 873 3924 the
895 3864 1008 3924 Greeks
1030 3884 1062 3926 as
1082 3876 1113 3926 to
1135 3866 1172 3924 bc
