2760 4448
162 281 226 330 200
471 250 621 325 noceas
640 270 892 325 MANJLJANAE

204 434 241 492 V.
258 448 314 508 512
332 432 373 492 sic
387 433 509 492 traditus
523 442 566 493 est
580 433 610 491 in
626 432 742 493 Gembl.
777 462 780 488 ς

285 525 535 605 Gemmarumque
556 528 603 585 vib
624 527 768 587 radiantes
788 527 900 587 lucibus
920 524 1014 603 ignes

202 626 260 684 Pro
270 626 316 685 oib
327 625 407 702 quod
420 625 505 684 habet
514 625 642 696 Gembl.,
652 627 710 683 iuli
720 624 799 702 Lips
810 635 840 684 et
848 644 872 696 o,
888 625 1027 695 urticas.
1039 621 1214 694 ne'lr'Voss.¹‚

161 724 309 783 exhibent.
353 722 452 783 Voss2
466 724 643 784 uocabulum
664 742 733 782 cum
754 732 894 800 sequente
915 723 1060 783 contraxit
1077 722 1109 780 in
1127 721 1215 780 abra·

161 825 272 882 dientes.
307 821 455 881 Bentleius
471 823 595 882 correxit
609 823 713 892 aiebam
737 832 766 881 at
780 823 804 881 si
815 820 1062 882 Gemblaeensem
1075 830 1105 880 et
1115 817 1215 880 Voss.¹

163 923 321 1000 sequimur,
336 921 382 980 oib
396 921 444 980 uel
461 922 508 981 uib
527 921 624 999 potius
639 938 728 998 quam
742 920 790 979 iub
804 930 992 997 praestantes,
1007 919 1100 979 fuerat
1118 920 1216 996 potius

164 1021 288 1091 uibrant,
314 1019 397 1079 cuius
420 1020 531 1079 litterae
555 1026 604 1079 rot
627 1019 711 1080 facile
738 1028 806 1079 ante
830 1019 890 1078 rad
913 1028 1047 1097 poterant
1071 1018 1215 1078 excidere.

165 1119 254 1179 Mart.
270 1118 379 1196 Capell.
394 1118 412 1179 i.
429 1131 465 1194 75
485 1118 554 1179 Tres
567 1125 651 1177 erant
662 1138 682 1177 a
683 1119 787 1197 fronte
795 1137 927 1194 gemmae,
942 1136 1013 1194 quae
1026 1118 1086 1177 eius
1098 1115 1216 1194 effigiem

163 1218 343 1276 reuerendam
376 1237 396 1276 a
427 1219 580 1294 cognrie'one
609 1217 834 1295 conspicientium
862 1215 1040 1276 uz'branlibus
1066 1216 1216 1274 radiorum

152 1316 325 1393 fulgoribus
345 1317 510 1375 occulebant.

206 1413 244 1473 V.
261 1428 402 1489 513-514
418 1415 459 1473 sic
473 1424 574 1473 extant
586 1413 618 1472 in
632 1412 749 1474 Gembl.

288 1511 367 1571 Hinc
389 1513 531 1589 Pompeia
552 1522 672 1572 manent
691 1513 797 1572 ueteris
818 1520 1009 1572 monumenta
1029 1509 1168 1589 triumphi
1216 1580 1219 1587 ν

288 1609 359 1670 Non
380 1611 508 1670 extincta
528 1611 591 1669 lues
612 1629 785 1688 semperque
806 1611 933 1670 recentia
953 1609 1089 1668 fiammis.

205 1705 303 1769 Credo
317 1710 369 1780 lue,
384 1708 430 1767 cui
443 1729 459 1768 s
472 1727 508 1768 ex
523 1709 658 1785 proximo
671 1718 826 1784 semperque
840 1707 978 1767 adhaesit.
1020 1707 1058 1767 Et
1073 1707 1115 1767 sic
1128 1707 1218 1766 uideo

164 1805 324 1866 Breiterum
338 1807 487 1877 iudicasse,
503 1826 570 1867 cum
581 1809 626 1866 lui
641 1807 761 1884 quidem
774 1807 853 1885 apud
864 1807 928 1866 Val.
944 1806 1024 1865 Flac.
1037 1807 1073 1866 iv.
1087 1821 1147 1882 529
1162 1806 1216 1865 In·

163 1912 237 1963 terea
251 1904 460 1981 Ilieayaepulsa
470 1908 514 1964 lue
520 1909 620 1982 primo
634 1908 747 1965 tonanti
755 1904 850 1965 Socra
863 1906 976 1982 legatur
985 1917 1161 1982 correptum,
1173 1908 1216 1964 lue

163 2021 235 2062 uero
256 2004 363 2063 eodem
377 2005 438 2063 iure
460 2005 584 2080 potuerit
606 2003 745 2063 Manilius
761 2006 885 2064 scribere
904 2005 1060 2083 quosame'
1070 2003 1218 2080 Vergilius

164 2101 241 2160 Aen.
251 2102 285 2159 vi.
299 2121 354 2174 421
367 2112 454 2181 atque
466 2102 521 2162 alii.
543 2103 592 2161 An
602 2102 654 2161 fuit
663 2107 737 2163 rue?
747 2103 827 2181 quod
837 2103 1014 2162 uocabulum
1023 2103 1118 2179 potius
1128 2120 1217 2179 quam

164 2201 223 2258 lut‘s
236 2199 349 2259 uidetur
362 2201 570 2260 restituendum
581 2201 741 2260 Ammiano
755 2182 926 2277 Marcellino
941 2221 1010 2260 xxx.
1027 2220 1101 2259 2.11
1116 2202 1219 2259 solebat

165 2299 245 2357 di'rae
263 2301 327 2357 ruis
347 2301 407 2359 relu
416 2301 558 2375 grassari
571 2311 627 2376 per
646 2301 751 2358 omma.
767 2299 865 2359 Gloss.
886 2299 1015 2376 Sangall.
1034 2299 1079 2358 ed.
1094 2299 1218 2358 Warren

165 2417 230 2456 rues
243 2399 340 2456 ruz'na.
380 2395 458 2456 Vide
471 2416 545 2475 quae
561 2397 667 2457 dehoc
682 2397 804 2457 disserui
817 2398 848 2456 in
863 2398 943 2457 Diar.
958 2397 1061 2456 Philol.
1078 2397 1217 2457 Cantabr.

167 2494 205 2554 T.
233 2515 280 2553 xv.
310 2514 339 2573 p.
363 2515 390 2566 a,
407 2505 437 2555 et
456 2514 550 2573 nuper
571 2495 779 2575 Nettleshipius
800 2496 832 2554 in
853 2496 928 2555 libro
951 2495 1166 2557 Contributzons
1192 2501 1218 2553 to

167 2593 257 2653 Latin
270 2594 500 2670 lexicogroplpr,
514 2613 543 2671 p.
558 2597 626 2669 580.

209 2691 324 2751 Locum
347 2703 426 2752 recte
449 2693 563 2751 uidetur
582 2693 703 2770 WoltJ'er
721 2713 750 2771 p.
768 2713 804 2769 24
820 2694 1023 2770 interpretatus
1043 2691 1080 2752 de
1099 2709 1172 2751 auro
1190 2700 1219 2750 et

168 2790 292 2867 gemmis
307 2809 383 2868 quas
391 2789 548 2868 Pompeius
560 2792 642 2850 tertio
651 2791 797 2868 triumpho
809 2792 959 2862 transtulit,
971 2790 1133 2851 secundum
1145 2790 1218 2865 Plin.

170 2889 210 2946 H.
221 2888 258 2946 N.
268 2889 373 2946 xxxvii.
387 2908 432 2948 12.
458 2889 580 2948 Victoria
591 2891 643 2947 illa
650 2889 771 2965 Pompei
774 2892 903 2965 primum
912 2891 951 2947 ad
959 2891 1137 2965 margaritas
1141 2908 1219 2965 gem·

169 3007 280 3062 mosque
298 3007 385 3048 mores
402 2989 557 3046 eiicleizaotl.
593 2987 634 3046 Id
651 2970 820 3064 utiplanius
839 2995 979 3059 noscatur,
1000 2988 1086 3046 uerba
1100 2989 1164 3063 apsa
1181 3005 1219 3045 ex

168 3087 257 3162 ipsiea
269 3084 390 3160 Pompei
396 3087 600 3163 lre'umplrorum
614 3089 684 3145 actes
697 3087 842 3149 solioum.
881 3086 965 3163 Ergo
979 3088 1059 3144 tertio
1069 3085 1218 3162 triompha

167 3203 245 3260 quem
256 3185 289 3241 de
295 3185 412 3260 prietes,
427 3184 512 3256 Asea,
523 3185 615 3243 Ponto
620 3187 798 3263 gentibusque
808 3192 834 3243 et
841 3186 953 3261 regibus
967 3186 997 3242 in
1010 3191 1131 3260 sqotumo
1141 3184 1220 3240 uolo-

168 3283 338 3358 ore‘neoperzlr
346 3283 431 3341 hotias
445 3285 576 3342 radicatis
584 3283 632 3342 M.
646 3284 750 3342 Pisone
763 3283 811 3342 M.
821 3282 951 3343 Messala
960 3283 1117 3342 consulibus
1127 3283 1220 3357 pre'a'e'e

168 3380 273 3438 kalend.
286 3381 412 3440 Octobris
421 3384 570 3441 natalisoo
587 3384 649 3458 egit,
664 3385 814 3441 transtuli?
824 3384 933 3441 alueum
948 3400 1010 3440 cum
1024 3383 1134 3440 tesseris
1147 3383 1221 3439 luso-

168 3481 245 3539 rium
258 3500 272 3536 e
279 3483 399 3556 gemmis
412 3481 520 3539 duabus
533 3482 621 3540 latum
634 3482 718 3557 pedes
731 3483 795 3554 tres,
810 3483 924 3557 longum
936 3481 1020 3557 pedes
1033 3485 1175 3556 quattuor,
1188 3484 1223 3551 el,

168 3598 201 3636 ne
211 3580 275 3655 quis
287 3577 380 3654 effetos
391 3598 435 3637 res
449 3579 553 3637 dubim
564 3581 646 3637 nullo
655 3598 832 3656 gemmarum
843 3579 1036 3655 magneluo'ine
1049 3579 1127 3639 hodo
1133 3589 1223 3654 prope

167 3677 211 3735 ad
215 3677 288 3735 dane
295 3679 501 3761 amplitudinem
510 3678 652 3749 accedente,
661 3679 692 3735 in
701 3678 869 3756 eosue'lluno
879 3678 1062 3755 aureapondo
1070 3675 1223 3747 XXX··,

170 3776 248 3837 lectos
261 3776 430 3835 lrieleieiaris
444 3777 507 3846 tris,
529 3793 601 3833 uasa
616 3795 654 3834 ex
675 3796 748 3835 auro
768 3784 795 3834 et
810 3778 927 3854 gemmis
946 3777 1096 3843 abacorum
1116 3793 1223 3845 nouem,

108 3886 110 3890 ‘
169 3875 254 3948 sigim
273 3891 360 3931 aurea
381 3874 440 3932 iria
459 3872 620 3946 Mineruae,
638 3873 759 3949 Martii,
776 3874 927 3954 Apolliazs,
948 3895 1065 3937 coronas
1084 3892 1122 3935 ex
1143 3893 1223 3934 mar·
