2760 4448
587 287 634 336 JV
1087 293 1149 361 123

147 447 239 523 Quod
253 448 291 508 ab
304 447 441 508 omnibus
457 455 605 523 receptum
623 447 710 506 uideo
728 445 862 524 effindere,
876 463 944 506 cum
965 448 1151 508 uetustissimi

106 549 274 625 conspirent
297 547 327 605 in
347 546 492 626 effundere,
512 545 618 604 uellem
638 546 800 604 inauditum
821 547 944 605 uerbum
965 546 1080 606 aliunde
1100 528 1151 606 ad-¹

107 647 287 724 probassent.
333 644 414 717 Quid
441 643 520 703 enim
546 653 591 703 est
617 644 766 721 effindere?
796 644 907 703 nullam
931 645 1068 721 equidem
1091 646 1152 703 uim

104 745 135 803 in
156 743 369 822 praepositione
389 743 492 803 sentio.
534 738 641 801 Melius
661 751 737 802 esset
756 742 890 819 effindere,
912 745 999 801 tutius
1020 744 1152 822 offendere

104 842 151 902 cui
165 842 362 902 accusatiuum
377 841 481 901 Cicero
499 859 561 900 non
579 840 669 900 semel
683 841 830 912 adnexuit,
844 859 867 899 0.
883 861 965 899 aures
980 840 1077 917 Ligar.
1091 842 1149 900 viii.

107 960 154 1014 24,
173 942 263 999 oculos
284 939 356 1016 Leg.
377 957 436 1016 agr.
457 940 484 998 ii.
509 958 554 998 ar.
572 943 619 1016 56,
642 940 781 1014 scopulum
803 937 869 997 Sex.
888 938 977 1000 Rosc.
998 941 1078 999 xxix.
1102 954 1150 1017 79,

105 1040 141 1099 de
156 1038 237 1099 Orat.
251 1039 278 1097 ii.
296 1052 342 1115 74,
358 1056 414 1113 301
432 1058 466 1096 ne
478 1040 550 1115 quid
560 1039 691 1117 oſj‘endas,
707 1057 740 1095 ne
753 1057 806 1113 quo
820 1040 926 1096 irruas.

145 1139 194 1197 An
207 1142 284 1197 recte
298 1136 433 1195 traditum
447 1147 492 1196 est
509 1137 655 1216 fiunem,
669 1135 845 1212 referturque
866 1136 904 1194 ad
922 1138 1150 1213 gubernatorum

104 1235 238 1313 peritiam
252 1253 311 1312 qua
325 1235 440 1294 clauum
454 1235 495 1294 sic
509 1243 613 1311 regunt
627 1244 658 1294 ut
672 1244 701 1294 et
714 1233 815 1292 dextra
828 1252 895 1310 pars
913 1234 1103 1310 gubernaculi
1121 1243 1151 1292 et

105 1335 218 1393 sinistra
230 1333 419 1411 aequabiliter
433 1332 538 1392 fluctus
551 1335 689 1392 moueat?
732 1331 780 1391 Sic
798 1333 876 1391 enirn
892 1334 963 1391 recti
974 1333 1012 1390 ab
1026 1341 1150 1411 utroque

103 1433 191 1493 latere
204 1431 320 1510 puppis,
335 1429 365 1489 h.
375 1450 401 1490 e.
416 1432 523 1509 pariter
538 1441 566 1490 et
581 1431 665 1508 quasi
678 1430 716 1490 ad
730 1430 836 1490 lineam
849 1430 1046 1491 effunduntur.
1088 1453 1096 1470 ·

145 1542 225 1603 Nam
241 1552 270 1602 et
284 1541 337 1600 IV.
354 1555 412 1618 515

226 1639 303 1699 Cum
324 1641 448 1698 uitreum
467 1640 592 1699 fundens
613 1639 724 1698 aurauit
744 1638 850 1699 uellere
871 1649 1003 1715 pontum,

91 1753 224 1830 fundens
248 1769 352 1810 uerum
379 1759 474 1828 potest
502 1769 583 1823 esse;
615 1750 687 1809 ludit
714 1751 794 1808 enim
821 1750 912 1808 uellus
940 1768 1025 1809 suum
1048 1748 1148 1808 Aries:

105 1850 240 1929 quamuis
254 1851 284 1907 in
298 1850 409 1908 incerto
423 1867 469 1908 res
483 1849 528 1920 sit,
534 1849 650 1926 findens
664 1867 731 1907 curn
746 1849 777 1906 in
791 1848 891 1908 Voss.²
906 1858 1082 1926 compareat.

145 1946 218 2007 Non
239 1957 325 2020 recte,
341 1949 364 2006 si
384 1966 432 2007 me
453 1946 544 2020 audiS,
560 1947 596 2006 de
617 1945 672 2005 hoc
694 1966 722 2006 u.
737 1946 868 2006 disseruit
889 1948 992 2025 Henry
1006 1946 1149 2006 Aeneide-

105 2065 189 2106 orum
211 2047 248 2104 iii.
269 2065 298 2122 p.
323 2048 381 2121 637
411 2044 448 2103 ad
468 2046 543 2104 Aen.
567 2044 623 2102 viii.
649 2059 685 2119 57
714 2046 830 2123 ‘fluctus
857 2046 981 2123 effindere
1006 2052 1091 2103 rectos
1119 2055 1150 2104 to

103 2145 214 2223 plough
238 2144 287 2203 the
311 2162 390 2203 wave
414 2143 493 2221 lying
514 2143 544 2200 in
572 2162 590 2202 a
616 2143 692 2220 right
719 2143 775 2202 line
803 2141 901 2201 before
927 2143 974 2202 the
1003 2143 1076 2219 ship,
1098 2152 1150 2201 not

102 2243 252 2320 breasting
266 2242 316 2301 the
330 2260 418 2315 wave,
433 2243 485 2300 but
503 2242 631 2318 running
647 2242 737 2318 along
753 2241 783 2314 it,
797 2241 846 2300 the
865 2240 954 2318 ship’s
972 2241 1073 2318 length
1090 2240 1150 2300 and

104 2341 153 2400 the
167 2341 270 2400 wave’s
284 2339 384 2416 length
397 2340 485 2417 being
499 2337 632 2417 parallel!

145 2438 222 2498 Mire
245 2440 276 2497 in
299 2437 344 2497 his
368 2439 498 2497 uersibus
522 2448 552 2497 et
573 2437 623 2515 qui
648 2447 784 2496 secuntur
804 2446 861 2496 tres
882 2436 1020 2495 Manilius
1042 2436 1150 2513 septies

103 2537 223 2597 easdem
243 2537 428 2614 syllabas-iri
446 2536 647 2608 accumulant,
659 2537 1150 2614 conuertere—ffundere-egere-

105 2637 735 2714 inflectere-euenere-exponere-carcere.

145 2763 198 2823 IV.
217 2764 275 2840 366
290 2781 356 2841 sqq.
372 2764 412 2823 sic
426 2773 526 2822 extant
541 2763 571 2820 in
585 2761 701 2821 Gembl.

226 2862 291 2921 Nec
312 2872 361 2921 tua
381 2863 435 2920 sub
456 2862 543 2921 titulis
564 2861 697 2920 fallantur
716 2871 836 2938 pectora
857 2862 933 2920 notis

226 2937 417 3018 Dissimulant
438 2978 500 3018 non
521 2969 652 3018 ostentur
672 2959 842 3018 mortalibus
862 2971 938 3019 astra

226 3059 321 3117 Altius
341 3068 385 3118 est
406 3058 482 3117 acies
502 3058 592 3117 animi
612 3057 752 3115 mittenda
773 3057 886 3134 sagacis

228 3157 324 3234 Inque
344 3156 402 3215 alio
423 3156 588 3233 quaerenda
608 3155 677 3214 mali
698 3155 810 3215 cunctis
831 3156 1012 3233 sequendum

147 3283 207 3343 370
228 3267 352 3327 Viribus.

147 3388 207 3459 366
233 3385 311 3443 notis
335 3385 417 3443 elram
438 3384 474 3443 bo
494 3383 580 3442 nodis
608 3383 740 3442 Vesse'ani
757 3381 850 3441 noctis
870 3383 910 3441 ed.
931 3381 1053 3440 Moliniz'
1073 3395 1146 3454 1551

107 3485 184 3542 notis
203 3482 309 3542 Corre'o
330 3502 369 3541 ex
393 3481 496 3541 Gembl.
512 3483 653 3540 reuocauit
665 3481 762 3556 Antiq.
777 3480 851 3537 Lect.
862 3489 891 3555 p.
908 3496 943 3554 51
980 3481 1029 3538 An
1044 3480 1150 3538 nudis?

110 3584 166 3657 367
183 3590 313 3643 ostentur
335 3581 465 3639 Vosrt‘oni
478 3580 544 3638 Cus.
560 3580 714 3639 ostendunt
729 3579 809 3636 boet
820 3579 861 3636 sic
876 3577 1005 3654 Scaliger
1022 3580 1052 3634 in
1066 3578 1104 3635 ed.
1122 3598 1149 3652 3,

106 3683 235 3755 quamuis
255 3699 294 3738 ex
313 3683 470 3738 contectura
490 3680 593 3737 dederit
611 3688 759 3737 ostentum
796 3694 826 3734 se
842 3686 985 3736 ostentant
999 3677 1148 3734 Bentlez'ur.

109 3782 167 3855 369
178 3779 237 3838 alto
248 3777 378 3855 Scaliger
388 3777 553 3854 quaerendo
570 3777 656 3835 Voss.²
665 3785 691 3835 et
703 3778 783 3853 Lepr.
798 3778 866 3835 mali
885 3773 968 3834 Voss.¹
986 3775 1052 3834 Cur.
1082 3774 1149 3832 mali

108 3879 189 3954 quod
204 3887 247 3938 est
255 3878 334 3953 Lrps.
346 3879 395 3934 sed
406 3897 423 3936 a
437 3897 510 3935 corr.
522 3877 571 3934 del.
584 3876 663 3953 quod
674 3886 724 3949 est,
734 3876 833 3936 Iacobo
845 3880 953 3933 testante
987 3873 1064 3933 mala
1079 3872 1149 3949 quid
