2760 4448
593 215 613 264 1
1093 215 1132 282 15

82 394 124 457 Si
133 396 195 471 quis
201 394 285 473 ferte
304 411 390 451 manu
404 402 530 469 premere
544 410 579 451 ac
592 393 698 450 se'eeare
711 394 808 464 sueue't,
822 391 1039 468 comparatione
1058 391 1135 451 facta

82 513 186 553 sucum
207 492 288 563 cibis,
309 509 416 569 aquam
437 490 570 568 spongiis
591 491 779 567 exprimendi.
821 491 861 550 Et
881 491 922 550 Il.
942 493 1000 563 284
1022 491 1136 550 dextris

81 613 130 650 ceu
155 612 241 650 causa
264 593 296 649 in
317 611 363 648 seu
385 610 473 649 eausa
491 590 605 649 uidetur
625 591 739 650 abiisse.
783 590 841 650 Sed
862 591 893 649 in
914 588 1028 649 Manilii
1048 608 1135 649 uersu

83 691 108 749 1.
124 694 181 766 637
197 710 245 748 ceu
265 707 326 748 non
345 688 536 766 comparandi
557 689 621 749 uice
641 688 778 782 fungitur,
800 689 851 749 sed
871 689 1015 766 exempli:
1037 689 1135 766 itaque

742 785 765 818 52

83 838 228 896 excidisse
247 837 344 913 potius
363 835 535 912 particulam
555 854 621 895 reor
634 854 710 912 quae
725 856 772 894 seu
792 836 989 913 praecesserit.
1032 834 1135 895 Fuitne

83 955 160 1007 nam,
174 945 207 994 ut
220 934 368 994 Bentleius
385 934 500 994 uoluit?
541 933 621 992 Nam
636 934 716 1012 quod
735 934 806 993 olim
827 934 898 992 mihi
919 934 1064 1012 placuerat
1084 931 1135 992 En

84 1052 164 1093 nunc
179 1034 275 1093 minus
289 1033 394 1109 pr0b0.

127 1148 150 1207 1·
168 1161 306 1224 705·t09

128 1262 185 1324 705
206 1247 252 1307 Ac
273 1247 363 1304 ueluti
383 1245 490 1304 uirides
511 1245 647 1305 discernit
668 1246 772 1304 semita
792 1263 922 1322 campos,

207 1346 306 1418 Quam
327 1345 392 1404 terit
412 1346 529 1403 assiduo
549 1363 696 1404 renouans
716 1345 769 1403 iter
789 1345 884 1404 orbita
904 1353 1005 1416 tractu,

206 1444 288 1503 Inter
309 1445 418 1502 diuisas
440 1444 609 1521 aequalibus
630 1454 673 1502 est
694 1444 742 1502 uia
763 1455 868 1520 partes.

208 1542 249 1601 Vt
268 1542 342 1601 sreta
363 1552 522 1602 canescunt
543 1542 654 1600 sulcum
675 1542 800 1602 ducente
820 1542 926 1601 carina‘

207 1641 420 1719 Accipiuntque
442 1641 520 1700 uiam
541 1641 645 1700 fluctus
666 1642 868 1719 spumantibus
889 1640 983 1699 undis.

130 1818 186 1880 707
204 1738 303 1864 dlllslss
317 1803 421 1864 Gembl.
431 1805 539 1865 diuisas
555 1805 686 1863 Vesse'ene'
695 1811 721 1862 et
733 1824 756 1877 0,
767 1819 790 1884 q
803 1805 852 1864 uia
867 1802 953 1863 Voss.2
964 1804 1104 1880 equabilis
1113 1805 1137 1864 b.

95 1904 197 1963 Versus
211 1904 393 1979 t‘relerpolelus
406 1905 486 1962 uisus
499 1910 540 1961 est
551 1901 685 1962 Bentlee'o.

129 2001 324 2078 Comparatur
350 2001 481 2077 galaxias
508 2020 576 2061 cum
603 2003 706 2060 semita
733 2020 807 2078 quae
842 2020 945 2078 agrum
980 2001 1138 2079 aequaliter

87 2100 200 2159 diuidit.
249 2100 330 2158 Inter
361 2103 418 2173 706
446 2111 475 2160 et
508 2114 564 2176 707
598 2099 725 2160 lacobus
753 2100 873 2159 credidit
903 2119 996 2158 unum
1019 2118 1137 2159 uersum

87 2200 240 2258 excidisse.
284 2196 359 2256 Mihi
380 2218 416 2257 ex
431 2199 532 2260 Voss,²
545 2200 695 2276 suppetiae
717 2199 814 2276 potius
835 2198 971 2258 ferendae
992 2199 1137 2257 uidentur.

88 2297 109 2355 S
127 2299 150 2355 ri

111 2317 127 2356 c
150 2299 191 2356 bo
212 2379 292 2437 Inter
313 2377 420 2437 diuisas
441 2378 601 2455 aequabilis
622 2390 667 2437 est
687 2381 755 2454 quia
776 2389 881 2455 partes.

129 2476 209 2536 Nam
233 2479 330 2535 semeia
356 2492 424 2552 705,
445 2481 498 2537 iter
521 2480 587 2553 706,
612 2480 661 2535 uia
685 2491 751 2552 707,
774 2480 851 2536 ue'eem
875 2491 932 2553 709
954 2496 992 2537 ne
1013 2476 1139 2539 Manilio

89 2578 210 2654 quidem
225 2574 312 2652 digna
329 2576 448 2635 iteratio.

130 2675 155 2733 Ι.
174 2689 241 2750 711,
257 2686 313 2747 712

214 2771 365 2831 Candidus
385 2771 416 2830 in
437 2771 522 2848 nigro
543 2772 619 2831 lucet
640 2773 680 2832 sic
701 2771 784 2832 limes
806 2772 926 2850 Olimpo

213 2870 385 2930 Caeruleum
407 2871 520 2946 fingens
541 2871 653 2947 ingenti
673 2871 781 2930 lumine
802 2872 956 2932 mundum.

134 2983 191 3044 712
215 2969 329 3046 fingens
358 2970 459 3028 cedices
472 2976 588 3045 praeter
608 2970 656 3042 ob,
681 2969 807 3029 fundens
833 2991 848 3029 0
872 2971 986 3029 findens
1007 2969 1023 3028 b
1043 2971 1093 3029 sed
1109 2976 1143 3029 ut

88 3068 184 3127 scriba
203 3068 286 3126 ale'ud
296 3069 384 3143 prius
403 3071 562 3144 screpturus
570 3070 678 3147 suerit,
694 3069 808 3128 findens
827 3071 908 3127 ete'am
927 3075 1064 3127 corrector
1082 3070 1140 3128 cod.
1166 3104 1170 3111 ·

89 3167 257 3242 lipsienses,
278 3166 403 3244 pingens
423 3165 574 3239 Bentleius,
595 3167 711 3244 tingens
738 3167 915 3245 llbkefieldus
935 3169 976 3225 ed
992 3168 1082 3228 Luer.
1103 3168 1140 3227 vi.

94 3278 162 3340 710.

133 3362 252 3440 Optime
268 3361 393 3441 Scaliger
405 3365 520 3441 findens
533 3363 707 3440 adprobauit
721 3383 757 3423 ex
772 3364 853 3422 Arati
867 3383 953 3423 uersu
970 3378 1028 3439 474
1044 3364 1143 3422 εἴποτέ

88 3486 131 3519 τοι
144 3464 259 3533 raptate
278 3465 338 3536 περὶ
356 3465 451 3535 φρένας
471 3461 540 3519 ἵκετο
559 3465 642 3534 θαῦμα
663 3464 819 3540 Σκεψαμένῳ
832 3466 912 3534 πάντῃ
935 3462 1141 3534 κεκεασμένον

90 3561 161 3636 εὐρέϊ
173 3560 257 3636 κύκλῳ
271 3565 391 3636 Οὐρανόν,
402 3562 418 3634 ἢ
432 3564 473 3618 καί
486 3561 523 3620 τίς
537 3586 576 3619 τοι
591 3564 698 3620 ἐπιστὰς
709 3564 789 3620 ἄλλος
802 3565 897 3633 ἔδειξεν
907 3567 981 3618 Κεῐνο
990 3563 1142 3635 περιγληνὲς

89 3663 228 3733 τροχαλόν,
237 3662 308 3715 Γάλα
320 3683 363 3731 μιν
376 3661 512 3718 καλέουσιν
523 3659 648 3737 ί[1111011
661 3662 727 3718 11011
738 3680 801 3719 ever
809 3661 961 3719 marvelled
971 3667 1003 3718 α1
1014 3659 1041 3717 Α
1055 3659 1146 3717 broad

92 3774 158 3816 zone
174 3757 237 3815 that
256 3759 359 3816 cleaues
376 3759 420 3817 the
439 3758 496 3833 sky,
520 3758 563 3817 Or
581 3761 665 3817 witer
682 3761 763 3818 hund
779 3760 832 3818 has
846 3760 963 3836 pee'reted
977 3765 1026 3816 eut
1040 3765 1068 3817 1ο
1086 3760 1144 3818 thee

97 3856 154 3915 The
169 3858 389 3932 many-gemmed
400 3857 452 3915 bell
463 3858 550 3934 effthe
568 3855 705 3932 Galaxy,'
721 3868 752 3916 ut
771 3859 869 3919 locum
886 3858 970 3918 uertit
988 3857 1144 3918 Eduardus
