2760 4448
683 272 709 325 V
1154 267 1215 355 183

168 430 256 491 habet
275 431 422 501 tonantis;
450 450 519 492 nam
540 432 602 511 lyra
619 435 753 513 praefata
773 435 864 496 fuerat
884 435 947 497 siue
968 439 1091 512 προοίμια
1114 448 1214 498 canta·

168 538 251 588 uerat
265 529 337 602 Ioui,
352 549 419 589 curn
433 531 457 590 is
471 532 509 590 ab
524 531 646 610 Orpheo
660 533 776 611 hymnis
790 534 990 594 celebraretur.

208 627 268 687 Pro
291 631 460 705 sonitumque
471 632 574 709 serens
598 629 744 692 Bentleius
768 641 931 711 mentemque
944 636 1025 713 feris
1047 635 1213 712 reponebat.

167 725 208 785 At
228 745 296 786 cum
314 747 411 787 sonum
431 727 566 789 Cusanus
587 739 722 806 praestet,
738 733 901 808 scripserim
922 733 1019 810 potius
1038 753 1216 811 somnumque

155 827 247 905 serii,
263 843 323 903 quo
344 817 475 903 pacatae
487 827 649 886 saeuiorem
670 829 800 886 animum
822 830 990 907 deposuere.
1033 831 1215 891 Callistratus

167 921 354 1000 (Ecphraseis
365 938 390 999 7,
402 944 431 1002 p.
442 943 480 1001 30
491 925 536 984 ed.
546 924 672 1004 Kayser)
683 927 719 985 de
730 927 861 986 leonibus
870 929 919 1004 qui
930 927 1048 1005 Orphea
1059 930 1215 990 audiebant

166 1033 328 1096 canentem,
340 1027 451 1081 λεόντων
463 1025 583 1100 ἄτεγκτος
596 1025 677 1098 φύσιν
691 1028 755 1100 πρὸς
768 1027 814 1098 τὴν
827 1030 949 1101 ἁρμονίαν
959 1030 1130 1100 κατηννάζετο.

208 1121 244 1179 V.
261 1140 321 1196 330

289 1236 370 1297 Hinc
390 1235 509 1296 uenient
529 1237 611 1297 uocis
631 1237 715 1297 dotes
735 1239 924 1317 †b0reaeque
945 1242 1076 1301 sonantis

166 1361 260 1419 boreae
281 1360 397 1419 Gembl.
418 1370 447 1420 et
472 1359 559 1419 ceteri
584 1371 696 1438 praeter
717 1361 816 1421 Voss.²
837 1363 886 1422 ubi
917 1375 960 1423 est
986 1365 1072 1424 derce.
1115 1365 1151 1425 Id
1174 1366 1213 1426 Is.

166 1458 289 1519 Vossius
306 1461 336 1517 in
353 1479 449 1531 aurae,
465 1460 537 1518 alius
557 1458 653 1539 (Misc.
669 1459 743 1520 Obs.
759 1459 834 1520 Nou.
850 1461 868 1519 i.
882 1481 911 1538 p.
929 1460 998 1540 116)
1014 1463 1045 1521 in
1064 1464 1212 1541 eborisque,

167 1558 301 1634 Heringa
328 1557 481 1618 Obseruat
511 1575 541 1634 p.
572 1573 606 1632 71
638 1559 668 1616 in
695 1559 859 1635 chareaeque
886 1562 1057 1621 immutabat
1064 1580 1072 1634 ;
1108 1564 1212 1624 melius

166 1656 325 1734 Pingraeus
353 1657 383 1715 in
413 1656 539 1729 chordae,
570 1657 652 1734 quod
679 1675 740 1717 non
768 1658 892 1718 debebat
920 1658 1049 1720 Iacobus
1076 1679 1130 1740 pro
1159 1680 1213 1722 suo

165 1755 322 1815 uenditare.

206 1853 362 1930 Ingeniose
381 1853 468 1912 etiam
489 1852 559 1912 illud
579 1853 738 1931 Pingraeus
752 1854 832 1932 quod
852 1857 909 1931 338
931 1854 991 1914 Hic
1010 1855 1129 1916 dcitante
1149 1859 1214 1936 lyra

166 1953 286 2010 mutauit
300 1953 329 2009 in
346 1950 397 2010 Sic
413 1954 531 2010 dictante
546 1954 619 2026 hira,
633 1962 664 2010 ut
683 1952 722 2012 11.
738 1972 794 2025 401
807 1953 902 2013 'Nunc
911 1955 1019 2031 faedus
1034 1957 1120 2014 stellis
1139 1976 1214 2014 nunc

164 2057 191 2108 et
207 2051 372 2109 dictantibus
392 2052 462 2120 c'ras,
478 2050 529 2109 lv.
548 2064 602 2126 177
623 2051 751 2127 Quasque
770 2071 820 2111 sua
839 2054 921 2110 dictet
937 2055 1019 2129 signo
1040 2054 1214 2113 nascentibus

165 2157 247 2207 artes.
289 2149 390 2226 Itaque
411 2167 522 2209 nouum
543 2150 696 2209 exordium
717 2149 785 2210 facit
806 2169 824 2209 a
845 2170 914 2226 340.
958 2150 1018 2210 Sed
1038 2170 1093 2229 age
1114 2153 1212 2211 locum

164 2258 258 2306 totum
274 2266 527 2324 recognoscamus.

206 2345 244 2404 V.
260 2349 319 2422 338
334 2364 397 2423 sqq.
412 2347 454 2406 sic
472 2346 569 2424 scripti
584 2355 650 2406 sunt
664 2346 695 2405 in
710 2345 828 2408 Gembl.

287 2461 346 2520 Hic
368 2462 491 2521 distante
513 2462 573 2539 lyra
593 2481 661 2522 cum
682 2481 749 2540 pars
770 2463 909 2522 uicesima
930 2472 1014 2522 sexta

287 2559 442 2619 Chelarum
464 2572 562 2638 surget
582 2580 657 2639 quae
679 2579 788 2620 cornua
809 2562 894 2622 ducet
913 2563 951 2622 ad
972 2573 1049 2622 astra

206 2678 266 2735 340
288 2659 378 2732 Quod
399 2659 516 2736 regione
537 2659 598 2735 pari
619 2659 668 2717 uix
688 2668 785 2736 partes
807 2670 875 2719 octo
896 2660 1036 2720 trahentis

285 2758 346 2816 Ara
366 2757 461 2816 ferens
481 2757 570 2816 thuris
591 2757 680 2817 stellis
700 2758 880 2816 imitantibus
900 2758 999 2835 ignem

285 2856 322 2915 In
342 2874 401 2934 qua
422 2856 519 2914 deuoti
540 2857 690 2932 quondam
711 2856 842 2916 cecidere
862 2857 996 2932 gigantes
1028 2911 1031 2918 .

285 2953 349 3013 Nec
370 2953 448 3031 prius
468 2954 589 3012 armauit
609 2954 738 3014 uiolento
760 2954 880 3013 fulmine
902 2955 1035 3014 dextram

286 3053 415 3130 Iuppiter
436 3063 503 3110 ante
525 3052 596 3111 deos
617 3071 706 3130 quam
728 3053 854 3112 constitit
875 3053 936 3130 ipse
958 3055 1093 3114 sacerdos

205 3167 263 3227 345
287 3151 377 3224 Quod
397 3151 493 3228 potius
514 3151 625 3226 fingent
645 3161 726 3210 ortus
747 3170 836 3229 quam
858 3152 967 3228 templa
986 3153 1136 3212 colentes?

206 3279 263 3351 338
287 3275 368 3334 Hinc
388 3274 469 3351 Lepi.
495 3294 530 3333 ra.
551 3284 607 3349 pr„
628 3274 748 3333 Iacobus
769 3283 795 3333 et
812 3274 965 3334 Bechertus
985 3278 1017 3334 de
1037 3276 1084 3334 M.
1102 3275 1212 3338 Manil.

161 3375 263 3432 emend.
278 3376 384 3433 ratione
399 3383 432 3450 p.
448 3376 495 3432 60.
541 3372 590 3431 Sic
612 3373 737 3432 dictante
758 3374 820 3449 lyra
840 3375 1005 3451 Pingraeus
1026 3393 1087 3432 cum
1108 3382 1212 3433 antece-

162 3473 286 3531 dentibus
320 3475 494 3548 ceniungeus.
550 3490 608 3547 339
642 3481 758 3548 surgent
796 3471 882 3531 Vass,²
914 3473 992 3531 ducit
1026 3473 1112 3533 Voss?
1142 3471 1211 3532 Cur.

170 3571 283 3647 Vterque
316 3590 413 3629 ausus
445 3572 513 3645 338,
543 3589 560 3644 9
592 3572 708 3646 spurius
742 3570 854 3629 habitus
888 3578 929 3628 est
960 3570 1092 3629 Bentlcio.
1146 3589 1207 3645 340

163 3668 254 3740 Quod
284 3667 368 3727 Vens.1
391 3668 471 3741 Quid
495 3667 563 3727 Cus.
592 3666 678 3727 Vasa.2
700 3670 760 3745 pari
788 3669 838 3726 uix
868 3667 936 3727 Cur.
965 3668 1048 3725 Vass.¹
1073 3668 1137 3744 puri
1162 3670 1210 3726 uix

163 3767 283 3843 apains
305 3766 433 3847 (tpams)
463 3765 548 3825 Voss.²
571 3767 688 3843 regione
714 3766 808 3843 Nepai
834 3766 965 3842 Scaliger
988 3765 1091 3842 Nepae
1112 3765 1211 3842 Fayus

162 3865 256 3924 Bentl.
271 3865 352 3924 Fert.
363 3865 430 3938 Con
443 3865 569 3941 regione.
612 3883 667 3940 341
685 3866 861 3924 mutantibus
884 3863 968 3924 Vnst
1007 3883 1065 3940 343
1081 3865 1211 3923 uiolenta
