2760 4448
160 264 179 326 8
471 275 619 328 macras
640 273 890 326 MANJLJANAE

160 455 242 512 ἐοικὸς
253 452 424 527 Ἀμφοτέρῃν
452 453 467 525 ἡ
482 454 503 509 δ’
518 457 573 509 οὔτι
593 456 667 524 τόση,
682 454 751 525 μάλα
765 453 788 508 δ’
802 453 875 508 ἐστὶν
891 449 977 525 ἑτοίμη
991 451 1133 525 Εὑρέσθαι·
1152 453 1215 525 περὶ

160 555 211 628 γὰρ
221 553 322 610 πολέων
336 554 473 626 εὐάστερός
486 553 565 608 ἐστιν.
590 550 666 609 illud
680 561 778 609 tamen
789 569 851 608 non
862 549 1054 610 omittendum
1069 558 1120 621 est,
1131 547 1215 627 quod

161 651 295 727 lampada
309 649 504 709 nominatiuus
518 649 563 708 bis
578 658 657 707 extat
667 649 698 707 in
712 646 918 726 Heptateucho
932 665 1020 726 quem
1035 646 1215 708 aCardinali

162 748 242 807 Pitra
258 747 368 807 editum
382 747 412 804 in
431 746 585 823 Spicilegio
601 744 778 806 Solesmensi
792 763 885 824 nuper
899 747 1066 808 emendauit
1083 747 1214 807 Ioannes

161 847 198 906 E.
207 846 241 906 B.
254 845 366 922 Mayor.
389 845 547 920 Exod.303
557 861 624 920 quas
634 847 699 904 salis
710 846 841 921 lampada
852 852 943 905 tastat.
965 849 1024 921 605
1035 847 1216 922 quaslumine

162 947 239 1005 triam
252 944 419 1002 Feruz'deare
432 962 509 1002 cama
520 945 644 1002 torrebat
654 943 786 1020 lampada
800 945 873 1002 solis
896 942 955 1002 Sed
968 942 1025 1002 hoc
1036 943 1215 1003 uocabulum

163 1043 299 1121 quamuis
313 1042 421 1100 nullam
436 1041 648 1101 dubitationem
658 1042 783 1101 mouerit
796 1041 952 1119 Rutgersio
963 1040 1033 1101 Var.
1045 1038 1126 1101 Lect.
1136 1041 1175 1100 iii.
1186 1061 1215 1119 9,

163 1140 303 1200 Manilius
316 1141 366 1200 uix
383 1139 496 1198 uidetur
509 1150 699 1216 usurpaturus
713 1138 812 1199 fuisse.

204 1239 253 1297 An
270 1248 314 1298 est
333 1239 416 1297 locus
431 1247 510 1296 totus
523 1237 722 1315 interpolatus,
738 1257 793 1296 nec
809 1237 906 1297 solum
921 1237 968 1296 iila
981 1255 1058 1316 quae
1072 1247 1216 1315 tanquam

164 1338 262 1415 spuria
275 1336 442 1414 proscripsit
456 1335 603 1395 Bentleius
619 1351 688 1412 350,
706 1355 718 1394 1
735 1356 820 1413 quam
834 1337 957 1395 Perseus
970 1337 1060 1395 armis
1073 1335 1177 1412 Eripit
1191 1340 1220 1394 et

164 1432 426 1507 saczatsz'be’*,mit
446 1433 531 1494 Certe
542 1452 603 1494 non
616 1453 720 1511 parum
731 1436 901 1495 turbationis
916 1435 988 1496 haec
999 1453 1067 1512 pars
1078 1433 1217 1494 carminis

165 1547 286 1609 experta
300 1544 350 1593 est.

207 1633 231 1692 I.
248 1634 388 1710 354-358
404 1632 445 1690 sic
459 1631 598 1690 exhibent
612 1631 728 1691 codices

575 1729 770 1808 Cepheusque
790 1741 819 1790 et
841 1729 992 1808 Cassiepia

491 1825 634 1906 (secuntur
649 1848 796 1904 399-442,
810 1827 893 1909 tum)

169 1941 229 2005 355
291 1926 328 1986 In
348 1943 460 2003 poenas
480 1926 594 2003 signata
614 1944 691 1999 suas,
713 1927 850 2005 iuxtaque
870 1927 999 1987 relictam

289 2023 518 2096 Andromedam,
539 2035 637 2084 uastos
658 2035 835 2085 metuentem
857 2025 947 2085 Piscis
967 2025 1072 2096 hiatus,

289 2123 463 2200 Expositam
484 2132 577 2199 ponto
599 2124 687 2184 deflet
707 2124 892 2202 scopulisque
913 2124 1074 2183 reuinctum

290 2221 330 2280 Ni
354 2232 484 2281 ueterem
506 2221 628 2281 Perseus
650 2223 734 2282 caelo
754 2240 873 2300 quoque
893 2231 989 2282 seruet
1009 2238 1149 2280 amorem.

135 2365 137 2370 -
169 2336 227 2397 354
243 2321 377 2399 Casiepia
393 2320 498 2381 Gembl.
539 2322 613 2380 Post
626 2336 685 2397 354
699 2328 828 2380 secuntur
841 2324 872 2380 in
886 2322 961 2380 codd.
978 2339 1128 2398 399-442.
1163 2317 1224 2379 Sed

168 2422 199 2478 in
220 2439 311 2496 marg.
330 2419 533 2479 Gemblacensis
552 2438 653 2477 manus
674 2439 726 2477 rec.
740 2421 799 2479 xvi
817 2421 863 2478 uel
880 2420 950 2478 xvii
964 2439 1033 2478 saec.
1053 2419 1164 2478 addidit
1183 2417 1220 2476 In

168 2536 281 2595 poenas
298 2518 411 2594 signata
425 2535 500 2577 suas.
531 2520 589 2594 356
604 2517 685 2594 pistis
706 2518 772 2577 Voss
780 2515 799 2578 Β.
827 2518 924 2594 pristis
938 2516 1031 2576 Bentl.

764 2615 806 2664 uel
818 2620 903 2664 seruet

171 2683 229 2756 358
251 2680 288 2739 In
305 2679 410 2739 Gembl.
425 2688 452 2739 et
466 2679 534 2740 Cus.
576 2680 616 2739 Ni
637 2681 767 2740 Vasstam'
784 2682 876 2741 feruet
899 2680 1004 2742 Gembl.

211 2778 302 2837 Hunc
316 2779 415 2838 locum
427 2797 531 2838 sanum
545 2797 608 2838 esse
622 2781 688 2856 quis
702 2779 820 2839 credat?
841 2780 917 2840 Puto
931 2778 1142 2857 interpolatoris
1156 2795 1221 2838 esse

172 2890 242 2954 357,
256 2886 371 2936 ceteros
385 2877 426 2936 sic
440 2878 536 2954 primo
550 2878 674 2954 scriptos

538 2975 732 3054 Cepheusque
753 2987 782 3036 et
802 2976 953 3054 Cassiepia

293 3072 329 3130 In
350 3090 461 3149 poenas
482 3073 595 3150 signata
616 3092 693 3146 suas,
714 3075 852 3152 iuxtaque
872 3076 973 3135 relicta

292 3170 491 3243 Andromede,
512 3181 613 3232 uastos
633 3180 768 3232 metuens
789 3175 848 3232 iam
868 3173 960 3232 Piscis
981 3173 1086 3245 hiatus,

296 3267 336 3326 Ni
357 3279 485 3328 ueterem
506 3269 628 3329 Perseus
648 3271 730 3330 caelo
751 3290 870 3348 quoque
891 3282 985 3331 seruet
1003 3288 1142 3331 amorem.

182 3384 184 3388 ’
213 3365 404 3427 Andromede
418 3374 538 3426 metuens
557 3370 614 3426 ziam
634 3370 738 3428 merito
756 3369 878 3429 dicenda
897 3369 958 3443 fuit,
974 3388 1050 3447 quae
1064 3370 1095 3429 in
1109 3387 1146 3428 eo
1160 3378 1223 3428 erat

171 3475 204 3525 ut
223 3484 241 3525 a
260 3464 343 3524 Pisce
359 3474 516 3538 uoraretur,
530 3466 586 3526 nisi
605 3467 764 3527 adueniens
781 3467 905 3528 Perseus
926 3468 1024 3544 gladio
1045 3486 1113 3527 eum
1134 3485 1223 3527 occu-

173 3573 279 3640 passet.
301 3562 454 3623 Contraria
469 3563 540 3623 uitio
554 3565 586 3622 in
597 3563 746 3624 Ciceronis
757 3566 871 3626 Arateis
884 3585 940 3638 124
952 3569 1079 3625 orientem
1091 3567 1120 3624 in
1132 3568 1224 3624 oritas

207 3755 407 3821 *Hieronymus
425 3757 450 3806 iu
473 3757 566 3807 Chron.
587 3759 675 3808 Euseb.
692 3758 725 3807 ad
749 3759 850 3823 Olymp.
873 3761 928 3823 258.
952 3773 962 3808 1
987 3760 1023 3823 (p.
1045 3761 1088 3808 181
1113 3758 1224 3824 Schbne)

173 3823 291 3871 Nouatus
302 3824 432 3887 presbyter
450 3825 577 3887 Cypriani
593 3825 698 3872 Romam
713 3826 816 3873 ueeaiens
833 3826 1012 3876 Nouatiamum
1029 3832 1053 3874 et
1067 3831 1154 3875 ceteros
1168 3841 1223 3875 eon·

164 3887 272 3950 sessores
282 3889 343 3938 sibi
352 3890 413 3939 saei
415 3896 455 3952 at,
466 3905 491 3939 eo
503 3889 570 3954 quod
581 3889 713 3939 Cornelius
717 3891 874 3955 paenitentes
884 3897 1006 3956 apostatas
1018 3891 1150 3955 recepisset.
