2760 4448
1165 244 1204 314 79

162 398 296 460 Parisino
318 399 456 472 enotauit,
479 399 604 458 indictos.
646 398 720 459 Hor.
743 398 778 460 C.
798 399 836 459 iii.
859 416 906 476 25.
929 413 945 476 7
970 399 1075 461 Dicam
1099 402 1207 478 ι’νιαζιι

161 518 254 557 recens
268 499 359 557 adhuc
378 497 521 557 Indicium
541 517 587 558 ore
600 499 663 556 alio.
706 497 763 557 Sed
777 498 885 571 dubito,
904 501 1020 559 riadictos
1039 502 1069 558 in
1082 503 1207 560 carmine

162 597 327 657 iunxeritne
348 595 494 668 Manilius,
521 597 644 656 ‘unsaid
667 597 698 655 in
723 597 816 674 song,'
840 617 879 657 an
903 601 934 657 r'n
958 601 1088 658 carma'na
1111 601 1207 659 ducere

162 696 280 754 rirdictos
300 702 396 753 cantus
416 695 440 754 is
460 694 572 753 dicatur
590 695 640 772 qui
660 695 690 753 in
704 713 812 772 poema
825 695 933 755 inuehit
946 715 993 756 res
1007 715 1025 755 a
1039 697 1120 756 nullo
1139 708 1206 758 ante

162 794 295 853 uersibus
313 802 564 865 commemoratas,
582 797 629 854 ‘to
645 793 751 853 launch
769 795 800 853 in
818 812 894 872 song
909 814 947 855 an
960 795 1103 855 unversed
1120 814 1206 874 argu-

162 888 262 950 ment!

204 990 262 1049 ΙΙΙ.
279 992 314 1049 16

146 1075 149 1081 ’
285 1087 406 1147 Moenia
426 1089 578 1148 thebarum
598 1099 627 1148 et
647 1089 754 1148 uictam
775 1088 843 1167 quia
863 1090 970 1150 uicerat
990 1092 1093 1151 orbem

163 1187 206 1248 sic
221 1186 335 1247 Gembl.
350 1196 379 1247 et
393 1187 461 1247 Cus.
503 1188 660 1265 Scripserat
674 1187 811 1248 Manilius
825 1200 874 1248 aut

606 1287 715 1346 uictam
734 1305 810 1363 quae
831 1288 938 1347 uicerat
957 1289 1060 1347 urbem

163 1383 245 1460 quod
270 1383 311 1442 sic
337 1383 368 1440 in
396 1383 495 1443 codice
519 1382 678 1443 Bodleiano
703 1383 719 1442 b
743 1384 881 1462 scriptum
905 1385 1020 1446 inueni:
1052 1396 1101 1446 aut
1126 1386 1205 1467 quod

163 1483 269 1560 probat
282 1481 427 1540 Bentleius

225 1565 228 1571 ’
608 1580 716 1639 uictam
736 1581 804 1658 quia
824 1582 931 1641 uicerat
950 1584 1062 1643 urbem.

164 1678 235 1738 Hoc
255 1677 392 1755 argutius,
412 1686 441 1736 et
462 1678 500 1736 ad
521 1679 647 1751 Καδμείαν
666 1681 734 1751 νίκην
747 1679 875 1739 refertur.
917 1680 1045 1758 Hesych.
1061 1700 1082 1740 s.
1094 1700 1121 1744 u.
1137 1685 1206 1740 Καδ-

162 1783 239 1850 μεῖοι·
259 1779 305 1849 τὴν
317 1779 344 1833 δὲ
358 1779 426 1848 νίκην
443 1777 488 1848 τὴν
505 1778 632 1847 Καδμείαν
644 1778 810 1835 ἀποδιδόασιν
827 1780 868 1835 ε’σὶ
881 1782 926 1850 τῆς
941 1781 1111 1840 ἀλυσιτελοῦς
1129 1784 1205 1854 νίκης.

163 1879 189 1931 ol
208 1877 255 1946 μὲν
275 1877 329 1933 ἐπεὶ
348 1875 481 1946 Ἐτεοκλῆς
502 1878 542 1932 καὶ
566 1877 723 1947 Πολυνείκης
743 1877 968 1950 μονομαχήσοντες
989 1882 1048 1954 περὶ
1070 1884 1114 1951 τῆς
1138 1883 1206 1952 νίκης

163 1974 307 2047 ἀμφότεροι
326 1974 466 2030 ἀπώλοντο·
490 1977 515 2030 ol
535 1975 563 2030 δὲ
584 1973 623 2030 ὅτι
644 1979 694 2031 τῶν
719 1977 782 2030 ἔπτὰ
802 1976 845 2031 ἐπὶ
868 1974 956 2045 θὴβσς
978 1979 1207 2050 στρατευσαμένων

162 2072 266 2128 πάντων
288 2072 452 2141 ἀπολομένων
469 2075 493 2128 ol
512 2075 563 2128 υἱοὶ
582 2074 660 2129 πάλιν
679 2071 922 2146 ἐπιστρατεύσαντες
945 2071 1017 2130 εἷλον
1040 2079 1086 2134 τὰς
1109 2076 1206 2148 θήβας,

163 2171 199 2228 ὡς
212 2172 281 2243 ἔχειν
293 2172 379 2228 αὐτοῖς
389 2167 426 2249 (i)
439 2171 578 2241 ἀλυσιτελῆ
595 2169 672 2242 νίκην.
714 2169 778 2229 Nec
793 2180 892 2230 tamen
905 2181 983 2231 certa
996 2191 1041 2230 res
1055 2182 1114 2232 est:
1136 2192 1206 2232 nam

163 2269 241 2343 quia,
256 2288 326 2344 quae
339 2261 502 2345 saepissime
516 2268 613 2328 locum
627 2277 738 2328 mutant
752 2269 782 2327 in
797 2267 884 2329 MSS.
897 2269 983 2329 Ouid.
995 2269 1069 2329 Nnc.
1086 2287 1141 2346 115
1153 2270 1206 2329 Me

162 2367 230 2442 quia
246 2385 301 2424 non
320 2386 396 2424 noceo
413 2367 462 2425 ubi
477 2366 652 2425 Heinsianus
666 2368 759 2426 codex
777 2365 900 2425 Moreti¹
913 2367 1000 2426 habet
1014 2367 1066 2426 Me
1083 2389 1133 2444 que
1151 2388 1206 2429 non

163 2482 250 2522 noceo.
292 2461 393 2523 Manil.
408 2464 447 2523 II.
463 2478 519 2539 907
535 2463 595 2523 Sub
608 2484 710 2541 quoque
723 2484 776 2541 pro
789 2465 840 2523 sub
853 2483 906 2541 quo
919 2468 995 2541 quia.

204 2562 259 2621 III.
276 2563 374 2634 64-66
390 2563 431 2623 sic
444 2573 543 2622 extant
556 2565 587 2622 in
602 2563 717 2624 Gembl.

285 2660 343 2719 His
362 2661 491 2738 regimen
511 2671 611 2721 natura
631 2662 710 2721 dedit
729 2663 915 2740 propriasque
936 2663 1062 2723 sacrauit

285 2759 449 2838 Vnicuique
469 2760 557 2832 uices,
579 2761 730 2838 sanxitque
750 2779 803 2836 per
823 2761 922 2821 omnia
942 2780 1056 2822 summa

284 2857 420 2935 Vndique
441 2858 482 2916 uti
502 2857 592 2917 fatum
612 2859 685 2918 ratio
705 2859 864 2918 traheretur
883 2860 914 2918 in
934 2878 1033 2918 unum.

163 2959 202 3032 65
217 2975 268 3033 per
281 2975 332 3017 om.
351 2956 417 3016 Cas.
432 2957 531 3017 omnia
542 2959 621 3017 codd.
643 2959 774 3035 fortasse
784 2959 890 3017 omina.
933 2961 971 3017 66
985 2968 1018 3017 ut
1033 2958 1101 3020 Cur.
1120 2959 1206 3019 Voss.¹

162 3054 253 3114 fatum
266 3056 342 3114 codd.
357 3074 393 3114 ne
407 3055 510 3131 fatiant
522 3057 552 3113 z'n
565 3057 604 3114 ed.
618 3055 819 3115 Bonrircontriz'
832 3060 917 3129 1484.
1080 3045 1082 3055 ¹

203 3153 295 3225 Quod
314 3154 344 3212 in
368 3154 502 3213 omnibus
526 3154 673 3214 codicibus
685 3155 787 3232 salum
812 3165 960 3214 exaratum
984 3164 1035 3227 est,
1058 3174 1126 3214 cum
1136 3158 1209 3234 fati

162 3252 306 3311 sententia
318 3252 451 3328 postulet,
459 3251 489 3311 id
503 3251 606 3312 eodem
619 3252 727 3312 factum
741 3253 855 3312 uidetur
869 3272 965 3312 errore
976 3271 1035 3329 quo
1046 3255 1077 3312 in
1088 3253 1203 3313 Gembl.

161 3349 203 3408 11.
224 3369 283 3426 903
312 3349 425 3410 Wrz'bus
447 3352 608 3427 anabaguum
624 3353 766 3426 geminum
786 3369 840 3428 pro
868 3352 898 3410 V.
919 3371 945 3409 α.
961 3354 1101 3428 geminis:
1120 3353 1205 3410 traxit

161 3467 249 3507 unum
272 3449 377 3525 pariter
404 3467 512 3508 sonans
536 3459 565 3508 et
593 3449 722 3508 eiusdem
750 3467 834 3518 casus
862 3450 957 3508 uisum
972 3450 1083 3526 falum.
1119 3448 1205 3509 Certe

151 3547 254 3623 fatum
278 3566 365 3605 unum
388 3547 610 3624 explicationem
632 3566 693 3607 non
716 3541 820 3619 habet;
854 3566 908 3606 nec
933 3557 1027 3624 potest
1051 3547 1205 3624 significari

193 3757 204 3788 ¹
221 3757 298 3808 Hunc
308 3757 419 3808 codicem
431 3774 496 3808 anno
510 3759 572 3823 1889
583 3758 735 3826 Antnerpiae
745 3758 771 3807 in
783 3758 860 3808 domo
871 3757 985 3807 Plautina
995 3757 1083 3816 inueni,
1096 3764 1120 3808 et
1131 3756 1162 3808 de
1173 3772 1205 3808 eo

162 3835 264 3886 dissuat
276 3836 301 3886 iu
314 3836 402 3887 Diario
413 3836 569 3902 Philologico
581 3837 779 3901 Cantabrigiensi
790 3837 843 3887 eius
855 3837 913 3887 anni
924 3852 966 3901 pp.
981 3833 1100 3899 αμα-ηδ.
