2760 4448
601 283 648 334 IV

135 447 188 508 1v.
205 450 262 519 642
279 465 343 524 sqq.
358 448 398 506 sic
414 455 512 512 extant
527 447 557 504 in
572 445 687 506 Gembl.

215 545 279 605 Nec
299 555 412 604 tantum
433 564 469 603 ex
490 564 549 603 una
569 556 677 621 pontus
697 545 751 604 sibi
772 553 855 621 parte
875 544 1003 605 reclusus

216 643 360 704 Faucibus
381 645 506 721 abreptis
527 645 638 715 orbem,
660 663 728 701 nam
751 644 845 702 littora
865 645 947 720 plura

216 742 334 821 Impulit
354 761 466 803 oceano
488 743 604 819 †potius
625 742 676 800 sed
696 743 844 802 montibus
865 743 929 802 altis

215 840 268 900 Est
289 842 395 900 uetitus
416 851 507 900 totam
528 859 565 898 ne
587 850 730 916 mergeret
750 859 877 918 aequore
898 851 1011 900 terram.

134 942 192 1010 642
208 940 336 998 reclusus
349 940 424 997 codd.
439 958 529 997 amnes
542 938 656 998 reclusit
670 938 763 996 Bentl.
806 942 864 1014 643
887 941 1015 1016 abruptis
1033 939 1142 997 Bomn-

92 1039 224 1096 contrius.
267 1039 325 1108 644
343 1038 439 1114 potius
453 1038 530 1096 codd.
544 1056 605 1095 cum
619 1036 746 1112 Regiam.
761 1043 787 1094 et
798 1037 1009 1117 benencantrzo.
1044 1039 1141 1115 potius

91 1155 153 1193 cuna
169 1136 339 1210 sequentibus
353 1135 534 1212 coniungebat
542 1136 633 1194 Bentl.
642 1156 653 1193 .·
668 1140 717 1194 ‘ne
731 1138 844 1194 mireris
857 1138 1039 1212 quodpontas
1050 1138 1143 1212 ruptr's

90 1234 224 1292 obiicibus
232 1240 403 1310 penetrasset
415 1236 445 1293 in
459 1241 552 1293 terras
566 1235 657 1293 tribus
671 1243 836 1311 quattuorue
867 1237 955 1294 loces.-
984 1236 1032 1292 hoc
1046 1238 1142 1309 pateas

90 1334 262 1403 merendum,
276 1333 351 1407 quad
361 1352 416 1391 non
430 1339 511 1390 lolam
526 1338 630 1391 terram
645 1335 772 1392 merserit
778 1354 794 1402 ‚·
811 1353 955 1392 mersurus
969 1335 1069 1408 ute'que,
1085 1336 1146 1392 nisi

90 1438 193 1489 mantes
207 1433 264 1489 alti
273 1428 453 1490 obstitissent?
496 1430 627 1490 Phorcus
640 1431 770 1493 Iacobus.

132 1529 237 1588 Potens
250 1529 375 1589 Iacobus
391 1529 422 1587 in
435 1529 567 1589 Phorcus
580 1531 713 1602 correxit,
732 1530 812 1608 quod
828 1549 882 1590 nec
901 1529 1142 1607 palaeograpbiae

91 1629 238 1700 conuenit,
253 1645 320 1687 cum
334 1627 371 1685 V.
387 1630 445 1702 586
453 1629 549 1706 sortis
566 1628 613 1687 uel
621 1629 724 1706 stertas
744 1630 883 1706 scriptum
898 1628 1005 1690 sithoc
1023 1646 1140 1701 nomen,

91 1738 120 1786 ct
133 1727 221 1786 nimis
239 1731 397 1800 ταυτόλογον
409 1735 460 1785 est.
503 1726 605 1787 Scribo
616 1729 739 1805 penetus,
754 1728 837 1805 quod
855 1728 914 1786 iarn
928 1737 995 1787 ante
1010 1729 1141 1787 uitiatum

90 1826 217 1884 uidimus
229 1828 287 1900 615
297 1824 358 1883 Hic
364 1826 477 1901 pentius
490 1827 766 1902 iuuenesquefrelum
782 1845 935 1902 mersaeque
942 1828 1051 1903 puellae
1066 1825 1142 1884 Tru·

90 1927 178 1997 deur,
192 1925 242 1983 ubi
261 1923 376 1984 codices
393 1931 509 2000 pontus:
529 1924 581 1983 sed
600 1924 640 1982 ibi
661 1935 705 1984 est
724 1927 803 1983 entra
824 1935 852 1984 et
872 1925 1071 1984 accusatiuum
1088 1925 1141 1983 sibi

90 2024 267 2100 assumpsit:
294 2022 324 2080 in
350 2022 408 2094 642
433 2022 540 2080 Oceano
554 2025 670 2098 penetus
690 2035 734 2082 est
754 2023 784 2082 in
806 2023 907 2082 intima
922 2034 1003 2099 parte
1020 2022 1140 2081 Oceani.

91 2121 245 2180 Contrario
256 2121 326 2179 uitio
340 2120 369 2179 in
382 2119 481 2180 Ouidii
492 2120 580 2180 Trist.
591 2121 619 2180 ii.
633 2134 690 2196 317
700 2123 797 2197 pateas
812 2121 975 2182 factumest
985 2123 1099 2196 pentius
1111 2122 1141 2178 in

89 2218 232 2278 Gothano
247 2219 348 2278 codice
363 2217 408 2298 (D
419 2218 530 2290 Oweni,
546 2219 627 2278 cuius
644 2219 892 2279 accuratissimam
907 2219 1062 2278 editionem
1076 2237 1140 2278 orn·

90 2318 177 2376 nibus
198 2317 248 2394 qui
269 2335 317 2375 me
338 2317 435 2393 legent
456 2316 694 2376 commendatam
718 2315 827 2396 uelim).
871 2316 919 2377 Sic
943 2317 1141 2376 accusatiunm

89 2415 156 2476 lecit
180 2434 218 2475 ex
237 2425 352 2492 superne
371 2414 547 2492 pendentem
569 2414 763 2476 Germanicus
784 2417 864 2476 Atat.
881 2419 959 2489 426:
981 2433 1049 2474 nam
1071 2417 1142 2473 lucet

90 2515 185 2574 actiue
198 2514 327 2590 posuisse
343 2513 550 2572 Germanicum
566 2532 625 2572 non
641 2533 713 2573 reor.

131 2611 185 2680 IV.
200 2615 259 2687 674
274 2630 338 2690 sqq.
355 2612 397 2670 sic
411 2623 510 2671 extant
524 2613 554 2670 in
570 2612 685 2672 Gembl.

213 2710 298 2768 India
319 2709 419 2768 notitia
440 2711 532 2769 maior
552 2709 706 2788 parthique
727 2710 774 2769 uel
795 2710 873 2771 orbis

131 2810 192 2883 675
213 2808 295 2868 Alter
314 2817 343 2867 et
364 2808 394 2865 in
414 2809 528 2868 caelum
549 2810 694 2885 surgentis
715 2810 829 2868 maenia
850 2809 923 2869 tauri

213 2906 331 2984 Totque
351 2907 433 2965 illum
454 2906 531 2966 circa
552 2907 646 2966 diuiso
667 2907 784 2967 nomine
806 2918 907 2982 gentes

214 3007 260 3064 Ac
280 3014 395 3064 tantum
416 3006 530 3065 sciticas
551 3005 733 3065 dirimentem
753 3005 888 3064 fluctibus
908 3007 1003 3064 urbes.

132 3108 190 3179 677
206 3104 246 3161 At
259 3111 396 3162 corrector
409 3105 564 3180 Lipsiensis
584 3106 684 3163 caderis
697 3104 745 3163 Ad
760 3105 888 3163 Tanaim
902 3103 1033 3181 Scaliger
1053 3106 1140 3164 urbes

89 3206 172 3262 etiam
185 3202 227 3261 ab
240 3202 327 3261 orbes
348 3202 480 3260 Vossiani
492 3201 560 3262 Cas.
574 3210 600 3261 et
612 3205 703 3279 Liba,
718 3209 829 3261 testante
842 3202 951 3263 Iacobo.

131 3301 220 3361 Certa
252 3299 453 3361 emendatione
485 3300 615 3377 Scaliger
649 3311 677 3360 et
701 3301 850 3361 Bentleius
880 3304 938 3377 677
968 3302 1140 3377 scripserunt

89 3401 143 3458 Ad
165 3399 297 3458 Tanain:
322 3399 373 3458 uix
397 3410 474 3458 recte
499 3398 645 3458 Bentleius
669 3418 724 3477 pro
749 3419 786 3459 eo
811 3401 890 3476 quod
915 3400 1001 3458 babet
1022 3398 1139 3457 Gembl.

89 3498 322 3556 sciticas-urbes
336 3497 411 3556 coni.
423 3495 687 3574 Scythae-orbes,
709 3497 797 3557 Asiae
818 3499 926 3557 scilicet
946 3509 975 3558 et
996 3498 1139 3572 Europae.

90 3596 169 3655 Nam
184 3595 228 3674 (1)
250 3594 393 3654 Scitlricas
416 3614 478 3654 non
500 3595 636 3655 Scz'thicos
657 3606 802 3673 praestant
825 3615 928 3655 omnes
949 3596 1072 3666 codices
1095 3593 1141 3673 (2)

89 3694 167 3752 orbes
191 3693 309 3770 quidem
334 3694 364 3752 in
389 3705 511 3770 utroque
534 3694 682 3753 Vossiano
704 3705 791 3768 extat,
812 3695 861 3753 sed
883 3695 937 3753 hoc
963 3695 1140 3752 uocabulum

90 3802 231 3868 perpetuo
245 3810 342 3851 errore
358 3793 496 3869 scriptum
511 3804 554 3852 est
569 3793 599 3850 in
613 3792 726 3851 Manilii
741 3794 868 3851 carmine
884 3811 938 3868 pro
952 3793 1041 3866 urbes,
1057 3804 1088 3852 ut
1103 3811 1139 3851 ex

91 3891 135 3948 his
158 3891 230 3950 locis
254 3892 412 3968 apparebit,
428 3890 479 3948 IV.
497 3910 553 3966 903
576 3892 625 3950 ubi
647 3893 723 3951 orbes
745 3910 830 3952 sensu
853 3901 936 3963 caret,
954 3892 982 3948 in
1005 3892 1141 3950 omnibus
