2760 4448
160 277 222 362 156
473 290 622 342 Nocres
642 288 893 340 Maurarum

200 451 253 510 IV.
268 453 326 525 883
342 467 405 527 sqq.

280 550 344 608 Iam
365 566 511 626 nusquam
532 558 636 606 natura
655 547 742 622 latet;
764 549 943 625 peruidimus
963 568 1086 611 omnem

250 706 254 714 ,
282 648 319 706 Et
340 657 428 724 capto
449 647 576 724 potimur
596 647 717 719 mundo,
741 658 933 723 nostrumque
954 658 1108 725 parentem

202 749 267 820 885,
283 747 353 805 Pars
373 765 427 805 sua
447 746 645 822 perspicimus
668 745 817 822 genitique
839 746 1004 805 accedimus
1024 749 1118 806 astris.

282 845 331 903 An
352 844 470 903 dubium
492 854 535 904 est
556 843 685 902 habitare
707 843 794 902 deum
816 845 871 902 sub
892 854 1009 920 pectore
1031 856 1136 905 nostro

282 945 318 1002 In
340 931 510 1020 caelumque
531 944 631 1001 uenire
652 943 772 1015 animas,
795 943 935 1019 caeloque
956 945 1077 1004 uenire?

282 1041 381 1118 thue
402 1042 438 1101 sit
458 1060 495 1099 ex
516 1042 598 1098 omni
619 1026 799 1099 constructus
821 1060 944 1117 corpore
965 1044 1094 1101 mundus

281 1140 413 1199 Aetheris
435 1149 521 1216 atque
541 1139 616 1215 ignis
638 1141 745 1197 summi
766 1148 916 1217 terraeque
938 1142 1093 1218 marisque,

202 1242 261 1315 890
282 1239 375 1316 †Spm
395 1239 454 1276 *i*
476 1248 504 1296 et
525 1247 587 1296 toto
607 1238 710 1314 rapido
731 1257 806 1315 quae
827 1238 905 1296 iussa
926 1241 1093 1314 gubernant

284 1337 331 1396 Sic
351 1355 415 1396 esse
436 1337 466 1394 in
488 1337 573 1394 nobis
595 1344 704 1394 terrene
726 1355 850 1413 corpora
872 1338 956 1395 sortis

283 1436 520 1512 sanguineasque
541 1434 653 1492 animas
674 1435 781 1508 animo,
803 1435 853 1511 qui
874 1447 979 1494 cuncta
1000 1437 1147 1512 gubernat

281 1534 495 1610 Dispensatque
517 1531 690 1591 hominem?

202 1638 261 1708 890
282 1643 375 1691 totum
403 1629 490 1689 Vosr.2
540 1630 673 1707 rapidum
696 1630 764 1690 Cur.
805 1632 966 1708 gubernent
995 1631 1081 1690 Voss.²
1131 1633 1211 1692 uissa

155 1734 249 1806 potrus
270 1730 357 1789 Voss?

201 1848 229 1888 u.
248 1831 316 1903 885,
339 1837 416 1887 recte
435 1829 562 1887 Iacobus
585 1828 699 1886 retinuit
716 1828 797 1886 Pars
817 1847 894 1896 sua;
919 1827 1110 1904 significatius
1137 1829 1210 1887 dixit

161 1927 300 1986 Manilius
315 1927 448 1985 homines
468 1927 610 1985 mundum
631 1927 792 2002 perspicere
812 1945 904 2003 aquo
920 1927 999 1986 uelut
1016 1937 1139 2003 parente
1154 1928 1209 1986 orti

160 2044 227 2102 pars
242 2026 302 2097 eius
316 2026 433 2102 propria
448 2025 542 2083 adhuc
557 2034 585 2082 et
598 2025 722 2082 indiuisa
736 2035 883 2084 maneant.

202 2143 230 2182 u.
253 2128 312 2200 890
335 2122 482 2182 Bentleius
507 2133 538 2181 ut
567 2125 697 2198 spurium
725 2123 826 2182 eiecit:
856 2124 989 2199 quamuis
1015 2123 1129 2184 sublato
1154 2124 1211 2183 isto

161 2224 234 2281 desit
248 2223 356 2300 aliquid
371 2221 408 2280 ad
423 2223 680 2298 comparationem.
723 2221 758 2280 Id
773 2222 899 2281 iacobus
913 2222 1077 2298 intelligens
1092 2241 1211 2282 uersum

161 2322 202 2381 sic
217 2321 342 2381 correxit
997 2389 999 2393 ¹

284 2419 412 2495 Spiritus
432 2424 458 2476 et
476 2426 550 2476 metu
570 2420 679 2493 raptate,
702 2437 772 2494 quae
792 2420 864 2489 urie,
881 2418 1024 2494 gubernet,

161 2518 259 2576 addita
283 2517 337 2576 hac
358 2517 550 2593 explicatione
575 2521 624 2575 ‘ut
645 2518 681 2575 sit
702 2517 732 2574 in
751 2517 863 2575 mundo
883 2517 1008 2593 spiritus
1028 2518 1079 2594 qui
1105 2519 1210 2595 rapido

162 2624 244 2674 motu
264 2634 339 2692 quae
360 2616 423 2674 uisa
438 2616 496 2674 sint
510 2616 659 2691 gubernet,
675 2615 714 2674 ita
728 2616 758 2672 in
779 2615 864 2674 nobis
879 2626 983 2674 cuncta
997 2618 1211 2693 gubernantem

162 2715 259 2790 uigere
278 2713 426 2772 animum?
469 2714 505 2771 In
523 2714 629 2791 quibus
646 2723 745 2772 tamen
759 2713 862 2773 salsum
881 2724 926 2773 est
947 2715 1023 2773 istud
1037 2735 1108 2790 quae
1121 2717 1186 2773 uisa
1198 2735 1211 2773 .·
1235 2742 1240 2749 ·

163 2831 253 2889 quare
267 2813 345 2870 enim
361 2812 476 2888 spiritus
490 2830 525 2870 ea
540 2813 682 2888 gubernet
697 2831 771 2889 quae
788 2813 881 2870 uidit?
896 2813 942 2871 sin
962 2814 1019 2871 aiio
1034 2831 1122 2871 sensu
1138 2813 1211 2872 baec

163 2911 289 2970 Iacobus
300 2911 399 2982 uoluit,
415 2920 445 2968 ut
455 2930 525 2986 quae
538 2912 601 2967 uisa
615 2911 692 2969 idern
708 2913 744 2971 sit
757 2911 838 2988 quod
848 2917 854 2941 ‘
864 2913 937 2970 sicut
951 2913 978 2970 ei
992 2913 1088 2971 uisum
1102 2911 1163 2984 est,’
1174 2915 1212 2970 ab

163 3027 218 3069 usu
232 3018 336 3085 poetae
352 3009 472 3066 nimium
488 3008 651 3067 declinauit.

203 3107 324 3177 Versus,
340 3107 365 3164 si
379 3108 503 3182 spatium
520 3116 587 3184 post
602 3099 671 3183 Spera
688 3109 823 3185 excipias,
840 3120 871 3167 ut
886 3129 922 3168 ex
937 3109 1054 3169 Gembl.
1070 3109 1211 3186 exscripsi

164 3207 204 3267 sic
226 3215 303 3265 extat
324 3205 354 3262 in
376 3205 477 3263 ceteris
497 3206 654 3276 codicibus,
669 3206 724 3264 nisi
741 3207 821 3283 quod
836 3207 935 3267 Voss²
953 3215 1045 3278 totum,
1059 3208 1215 3284 gubernent

163 3305 260 3364 habet.
301 3303 340 3361 Et
353 3303 432 3380 prius
447 3303 565 3380 quidem
580 3295 649 3379 Ssdm
664 3305 726 3363 siue
745 3303 886 3382 Spiritum
906 3315 1089 3365 contractum
1102 3306 1211 3364 credidi

163 3424 200 3463 ex
222 3402 390 3479 Spe‘rz'tuum,
405 3402 486 3459 cuius
505 3402 622 3478 pluralis
643 3404 766 3461 alterum
787 3404 955 3481 exemplum
976 3415 1055 3464 extat
1070 3403 1134 3463 Cul.
1154 3407 1210 3462 182

165 3501 320 3578 Sperzte'bus
337 3502 447 3576 rumpit
453 3502 581 3579 seuseu:
605 3502 671 3560 dein
690 3508 764 3560 tortu
783 3521 819 3560 ex
839 3510 900 3573 teto,
915 3523 1002 3561 cause
1015 3522 1052 3561 ex
1067 3505 1146 3561 russo
1162 3502 1212 3580 (cf.

165 3603 222 3658 812
242 3599 367 3674 Quaeque
387 3600 447 3656 ulta
468 3601 499 3655 in
520 3602 616 3658 uerior
636 3601 750 3678 effectus
768 3621 855 3660 ceusu
872 3600 1024 3680 guberna&
1041 3600 1212 3660 eliciebam:

163 3697 321 3774 Spire'tuum
335 3705 361 3755 et
374 3704 448 3755 tortu
466 3699 566 3773 rapido
584 3719 653 3773 quae
672 3719 757 3756 causa
773 3700 914 3775 gubernet.
957 3699 1047 3758 Nunc
1061 3698 1209 3776 plerisque

164 3797 313 3856 adsentior
334 3795 474 3872 Spiritum
499 3795 603 3856 eodem
624 3798 695 3856 uitio
720 3808 816 3857 ortum
841 3817 877 3856 ex
903 3796 1040 3874 Spiritus,
1065 3816 1126 3874 quo
1152 3800 1211 3872 877

165 3914 274 3954 censum
294 3913 330 3953 ex
351 3915 447 3954 census
467 3896 497 3954 in
512 3894 638 3967 Gembl.,
657 3898 715 3973 899
731 3917 890 3973 censumque
909 3898 939 3955 iu
954 3895 1052 3957 Voss²
1067 3895 1212 3973 Lipsiensi
