2760 4448
248 281 289 364 58
561 291 709 342 nocens
729 289 979 340 unnrrrnnns

246 465 328 507 error
341 455 370 506 et
388 446 436 506 hic
452 444 568 506 codices
585 445 697 505 inuasit.
740 445 853 504 Puncta
866 455 954 503 uocat
971 442 1126 504 duodecim
1143 442 1299 520 particulas

248 548 279 605 in
293 564 367 624 quas
382 545 496 622 singula
510 546 594 622 signa
608 544 823 604 distribuuntur.

290 645 329 703 ΙΙ.
346 646 403 720 726
419 662 482 720 sqq.
498 644 539 702 sic
554 653 653 702 extant
667 644 697 701 in
711 642 829 702 Gembl.

371 741 557 818 Quocunque
577 741 607 798 in
628 752 712 817 partu
733 751 906 801 nascentum
927 750 1060 817 tempora
1080 740 1150 799 luna

371 839 540 899 Constiterit
560 840 687 898 numeris
708 838 784 898 hanc
807 849 850 898 ter
870 839 993 916 dispone
1014 839 1162 915 quaternis

373 937 495 996 Sublimi
516 937 636 996 totidem
658 955 733 1013 quae
754 936 864 1012 fulgent
886 937 988 1014 sydera
1009 937 1122 996 mundo

371 1037 445 1096 Inde
467 1053 534 1094 suas
555 1035 594 1093 illi
616 1036 702 1111 signo
723 1054 784 1112 quo
805 1035 874 1094 luna
894 1035 1004 1095 refulsit

293 1150 352 1212 730
375 1135 459 1206 Quae
474 1144 503 1193 et
517 1134 584 1193 hinc
600 1133 749 1192 defuerant
764 1144 859 1210 partes
874 1153 1027 1193 numerare
1041 1144 1199 1194 memento.

294 1238 351 1310 726
382 1233 548 1309 Quocnque
576 1233 606 1291 in
636 1237 719 1309 partin
751 1231 818 1291 Cus.
860 1232 1046 1311 Quocunque
1077 1234 1107 1290 in
1137 1243 1257 1309 partura
1289 1251 1304 1290 o

250 1342 406 1393 nascentur
433 1331 519 1389 Voss.1
538 1340 670 1407 tempora
687 1330 754 1390 Cur.
778 1328 861 1389 Voss.¹
882 1341 1012 1408 tempore
1029 1333 1061 1391 ob
1104 1345 1160 1407 727
1176 1331 1304 1389 Affuerit

250 1433 306 1490 cod.
321 1431 478 1489 Parisinus
491 1429 613 1487 Affuerit
630 1448 721 1504 marg.
737 1427 904 1488 Constiterit
919 1430 935 1488 b
955 1449 1107 1488 numerum
1127 1430 1204 1488 hanc
1221 1439 1305 1500 terne

251 1529 373 1605 dispone
396 1529 543 1605 quaternis
565 1546 587 1587 0.
632 1530 689 1601 728
712 1527 780 1605 quia
801 1527 937 1599 Vosscbnc',
952 1528 1000 1600 bo,
1015 1531 1055 1587 ed.
1072 1528 1199 1587 Molr'nc'z'.
1244 1541 1305 1602 730

251 1627 337 1700 Quae
358 1637 387 1686 et
407 1627 475 1684 binc
501 1625 569 1685 Cur.
588 1645 603 1684 o
619 1633 645 1684 et
664 1626 744 1702 lips.
765 1628 796 1684 in
817 1646 871 1702 quo
890 1626 967 1686 hunc
976 1627 1093 1705 suerat,
1114 1626 1215 1685 Iacobo
1234 1633 1306 1684 teste.

252 1726 337 1798 Quae
352 1735 381 1785 et
396 1725 464 1784 huic
481 1725 568 1782 Voss.l
610 1725 678 1796 Qua
694 1734 721 1782 et
737 1725 815 1784 hunc
837 1725 925 1784 Voss.²

294 1821 371 1882 Mire
395 1823 564 1898 conspirant
586 1822 702 1881 codices
727 1823 757 1880 in
783 1821 948 1900 Quocunque
971 1825 1002 1881 z'n
1023 1829 1117 1900 partu,
1144 1823 1199 1882 nisi
1224 1823 1307 1900 quod

253 1921 348 1981 codex
358 1920 433 1981 Coll.
442 1919 582 1997 Corporis
593 1920 699 1979 Christi
714 1921 801 1979 habet
814 1920 980 1998 Quocunque
993 1924 1024 1980 in
1031 1930 1158 1998 parturn
1169 1921 1308 1981 Cusanus

257 2019 401 2095 Quocuque
423 2021 453 2076 in
470 2024 561 2094 portu
583 2016 738 2098 (partum).
782 2005 912 2095 Scaliger
933 2023 1058 2080 correxit
1081 2019 1251 2095 Quocunque
1277 2023 1309 2078 in

248 2121 337 2196 parti,
352 2128 380 2176 et
392 2136 462 2175 sane
471 2118 691 2193 porlc'ablatiuo
702 2117 815 2176 uidetur
829 2137 899 2178 usus
913 2130 1000 2195 poeta
1014 2119 1070 2178 III.
1083 2133 1142 2194 395
1174 2118 1308 2190 Quocun-

253 2237 304 2294 que
322 2218 372 2275 hoc
385 2217 634 2292 partiterrarum,
651 2217 785 2293 quamuis
805 2219 947 2294 corruptis
964 2218 1113 2277 codicibus
1132 2236 1178 2276 res
1196 2218 1310 2276 incerta

176 2361 178 2366 .
254 2317 298 2375 sit.
341 2315 381 2374 At
409 2315 439 2372 iu
469 2314 507 2373 ΙΙ.
540 2317 598 2389 726
630 2316 815 2374 consentiunt
843 2316 960 2376 codices
986 2318 1015 2374 in
1046 2316 1220 2391 Quocunque,
1245 2334 1310 2374 non

258 2414 434 2488 Quocunque,
457 2432 473 2471 o
494 2422 591 2470 autem
612 2430 650 2470 ne
664 2419 757 2488 portu
778 2415 897 2490 quidem
918 2414 1014 2486 habet,
1032 2415 1084 2473 sed
1097 2421 1234 2491 parturn.

296 2531 324 2571 0.
342 2525 409 2586 727,
424 2512 496 2568 hanc
516 2511 546 2567 in
565 2511 702 2570 omnibus
719 2513 842 2589 repperi,
860 2531 913 2571 nec
927 2515 1065 2589 cuiquam
1083 2522 1149 2571 ante
1164 2530 1212 2570 me
1227 2512 1311 2570 uenit

255 2611 285 2668 in
300 2609 520 2668 dubitationem.
555 2608 613 2666 Sed
624 2627 683 2685 quo
695 2610 899 2670 referendum?
923 2611 983 2669 Aut
992 2631 1028 2670 ex
1040 2611 1226 2688 sequentibus
1240 2624 1310 2686 729,

258 2723 316 2785 730
337 2707 407 2765 Inde
427 2727 495 2765 suas
510 2751 517 2764 .
534 2749 563 2766 ..
582 2706 658 2778 Quae
676 2714 703 2766 el
720 2710 817 2767 delinire
837 2709 986 2787 defuerant
998 2717 1094 2786 portes
1112 2709 1311 2785 supplendum

255 2808 309 2866 erit
320 2813 452 2882 partem·
474 2816 523 2863 aut
542 2806 616 2864 hunc
630 2804 755 2885 (lunam)
770 2826 822 2883 per
835 2808 1056 2884 brachylogiam
1075 2809 1116 2867 sic
1137 2809 1311 2884 interpreta-

256 2907 336 2975 bere,
351 2904 438 2962 huius
459 2902 563 2963 lunae¹
578 2905 619 2963 sic
635 2905 747 2981 positae
762 2924 933 2964 numerum:
956 2925 1025 2964 nam
1040 2907 1069 2964 in
1085 2924 1124 2982 30
1138 2915 1236 2982 partes
1250 2907 1312 2964 iam

257 3003 409 3062 distributa
427 3012 493 3061 sunt
511 3002 625 3078 singula
646 3003 729 3079 sigua
749 3004 881 3075 Zodiaci;
911 3004 1010 3080 itaque
1026 3006 1105 3075 luno,
1122 3022 1311 3081 quocumque

257 3103 287 3160 iu
305 3103 391 3178 signo
409 3111 493 3159 natus
513 3101 578 3177 quis
594 3101 687 3172 fuerit,
705 3120 858 3160 numerum
876 3103 906 3159 in
923 3102 1092 3180 horoscopo
1112 3103 1230 3161 habebit
1248 3104 1311 3162 eius

258 3200 366 3278 gradus
390 3199 451 3257 siue
470 3200 558 3274 partis
578 3200 652 3276 signi
675 3200 705 3257 in
729 3209 836 3277 quaet
857 3201 881 3260 is
906 3210 991 3260 natus
1014 3211 1109 3260 estet
1132 3202 1196 3279 ipsa
1216 3201 1312 3260 adfuit

259 3299 397 3358 nascenti.
420 3297 540 3374 Fietque
555 3297 611 3357 hoc
631 3299 671 3358 sic
686 3284 783 3358 minus
797 3299 903 3357 durum
923 3300 947 3358 si
962 3318 998 3358 ex
1013 3299 1132 3358 Cusano
1146 3299 1312 3376 reposueris

252 3404 391 3476 partum
407 3415 466 3474 quo
480 3395 568 3466 facto,
579 3408 608 3455 et
624 3403 744 3473 tempora
758 3397 788 3454 in
802 3405 918 3474 tempore
932 3398 1041 3469 relicto,
1051 3398 1134 3458 locus
1149 3398 1192 3456 sic
1205 3398 1314 3456 euadet

292 3563 301 3592 ¹
313 3561 355 3611 Sic
363 3562 388 3610 in
398 3560 558 3626 prognostico
566 3560 613 3608 illo
621 3560 689 3609 uitae
700 3567 725 3610 et
736 3560 824 3610 mortis
832 3561 899 3625 quod
906 3560 1059 3626 Δημοκρίτου
1067 3560 1158 3624 σφαῖρα
1171 3561 1314 3612 inscribitur

261 3646 351 3708 (nuper
361 3644 387 3692 id
399 3642 476 3694 edidit
488 3643 615 3692 Dieterich
627 3643 652 3690 in
663 3657 758 3706 papyro
770 3644 868 3707 magica
879 3643 993 3708 Lugdun.
1005 3661 1031 3710 p.
1042 3647 1112 3708 813),
1125 3645 1257 3694 iubeturis
1269 3645 1313 3709 qui

260 3727 291 3777 de
303 3727 354 3775 uita
365 3725 517 3791 aegrotantis
528 3725 629 3790 inquirit
645 3724 801 3788 συρψήφισον
816 3725 862 3787 τὴν
879 3724 987 3789 σελήνην
1004 3726 1042 3775 καὶ
1059 3725 1144 3786 βλέπε,
1157 3724 1230 3775 πόσαι
1248 3744 1314 3788 τρια-

261 3807 331 3858 uetes
341 3807 451 3871 γίνονται
463 3805 503 3855 uui
515 3804 547 3854 τὰ
558 3805 742 3869 περιλειπόμενα
753 3807 798 3855 τοῦ
813 3807 913 3869 ἀριθμοῦ
929 3807 1080 3873 κατανόησον
1092 3810 1124 3859 εἰς
1135 3808 1181 3870 τὴν
1198 3809 1313 3873 σφαῖραν,

262 3890 303 3940 καὶ
314 3889 344 3939 ἂν
356 3887 374 3955 ql
384 3889 432 3938 duo
443 3892 458 3953 ἡ
469 3890 556 3955 ψῆφος,
570 3886 644 3951 ζήσει,
656 3887 697 3937 ἐὰν
709 3886 735 3936 δὲ
747 3887 820 3949 ιιάτοι,
833 3888 983 3952 τελευτήσει.
