2760 4448
256 247 320 313 216
653 258 891 310 EPIMETRVM

254 431 288 481 ut
305 419 409 479 librum
428 416 590 496 inspiceret,
606 418 730 478 eandem
748 435 840 495 quam
858 417 936 496 prius
954 417 1126 478 senteutiam
1143 415 1236 477 etiam
1254 430 1303 475 ex-

255 517 381 597 pressius
407 517 588 594 significauit,
616 527 772 595 postquam
800 517 881 576 domi
907 533 976 576 eum
1005 525 1035 575 et
1061 515 1305 591 circumspectius

255 624 474 692 recognouerat
517 615 575 674 Hic
595 632 672 691 quae
692 615 806 674 censuit
825 633 886 676 non
904 613 1004 674 inutile
1024 613 1102 674 duco
1120 632 1158 673 ex
1177 611 1305 690 epistula

254 715 318 773 eius
338 714 481 790 proferre3
510 730 557 772 res
579 715 658 772 euim
682 730 744 771 non
767 712 840 772 leuis
859 713 923 772 uisa
943 723 995 785 est,
1013 730 1081 772 cum
1102 713 1133 770 in
1155 711 1305 771 adnotatis

254 812 318 872 istis
344 811 499 888 anticipata
523 818 621 870 essent
643 828 720 887 quae
744 811 851 869 summi
875 811 929 869 uiri
954 809 1084 888 Scaliger
1104 820 1133 870 et
1153 808 1304 870 Bentleius

254 910 341 988 primi
355 910 502 969 diuinasse
515 909 679 968 creduntur.
724 908 771 968 Sic
790 910 876 986 igitur
896 909 1063 969 Macraius:
1086 906 1132 987 (ι)
1145 909 1247 968 omnia
1266 908 1304 965 ab

255 1007 360 1068 eadem
381 1008 597 1084 manuscripta
620 1024 684 1065 esse
705 1004 751 1086 (2)
773 1007 849 1067 circa
873 1021 951 1082 1550
973 1003 1019 1087 (3)
1041 1007 1078 1065 ab
1098 1006 1174 1065 Italo
1196 1003 1243 1084 (4)
1260 1006 1303 1062 in·

255 1105 416 1176 uolucrum,
426 1123 486 1183 quo
497 1105 569 1164 liber
580 1105 693 1164 cinctus
704 1106 748 1177 sit,
760 1105 821 1165 eius
833 1105 943 1165 formae
955 1123 1019 1165 esse
1031 1123 1091 1182 quo
1101 1103 1165 1163 Itali
1175 1105 1215 1163 ab
1226 1121 1305 1163 anno

256 1222 348 1280 usque
362 1207 439 1277 1580
456 1204 500 1262 usi
515 1203 572 1262 sint
580 1222 589 1275 ;
610 1221 647 1262 ex
661 1203 744 1263 titulo
758 1212 864 1275 autem,
877 1204 928 1280 qui
941 1202 1008 1263 huic
1023 1202 1174 1262 inuolucro
1189 1202 1305 1261 additus

256 1303 301 1376 sit,
315 1320 390 1380 quae
408 1320 520 1378 paucae
541 1301 685 1378 supersint
703 1301 812 1360 litterae
826 1320 909 1373 ssrrt,
923 1320 974 1361 eas
993 1301 1064 1361 tales
1080 1319 1143 1361 esse
1157 1300 1260 1379 quales
1274 1300 1306 1358 in
1362 1347 1364 1351 ,

256 1399 334 1461 libris
348 1399 532 1463 eiussaeculi
546 1396 637 1477 (circa
654 1397 746 1478 1600)
760 1417 821 1459 non
834 1418 901 1459 raro
914 1396 1125 1459 inueniantur¹.

289 1544 299 1576 ¹
317 1547 377 1596 Hoc
395 1545 543 1611 epimetrum
562 1545 613 1594 iam
632 1543 759 1610 publicani
779 1543 806 1594 in
827 1546 1082 1595 commentationibus
1103 1544 1306 1612 Woelffliniam's,

256 1641 320 1691 quae
330 1624 417 1691 primis
427 1623 514 1676 diebus
524 1623 597 1674 huius
608 1622 666 1673 anui
677 1639 708 1674 ex
718 1623 822 1674 aedibus
833 1624 955 1675 Teubneri
966 1623 1118 1690 prodierunt
