2760 4448
163 268 207 349 56
477 280 625 330 moeros
644 277 896 329 MANJLJANAE

204 439 243 496 Et
263 438 325 496 illos
338 456 405 495 nam
422 447 467 496 est
485 439 572 498 etiam
585 438 617 496 in
636 437 789 510 Parisin03
808 437 867 495 illis
885 455 952 494 nam
970 436 1001 495 in
1020 437 1066 496 ed.
1083 436 1174 498 Rom.
1189 448 1219 498 et

59 548 65 559 ·
162 537 209 595 ed.
224 535 348 594 Molinii.
391 534 423 593 Si
443 535 583 594 Manilius
598 537 743 594 discordat
760 554 875 608 annum,
890 535 932 592 uti
949 534 1069 594 tradunt
1086 536 1217 610 codices,

164 635 278 712 scripsit
291 634 321 690 in
333 652 403 706 422,
414 634 507 710 potuit
521 635 690 692 concordant
703 634 765 691 illos
780 632 875 692 dicere
889 633 926 691 de
935 633 1040 710 genitis
1055 635 1111 692 sub
1125 634 1218 694 Pisci-

163 734 219 791 bus
233 733 283 808 qui
301 733 424 808 Scorpio
439 733 553 808 genitos
571 742 601 790 et
616 731 732 790 Cancro
741 731 896 807 prohibent
911 749 949 789 ne
964 731 1019 790 sibi
1034 731 1218 804 insidientur,

163 831 298 908 redigunt
312 831 341 887 in
356 830 559 889 concordiam:
574 849 640 888 nam
655 848 741 906 saepe
757 828 877 887 subdole
892 839 991 904 agunt,
1005 847 1066 888 non
1079 830 1217 889 fraterne.

165 928 207 988 Sit
225 929 282 988 hoc
303 929 466 987 lubricum:
487 937 517 986 at
538 927 608 985 illud
621 947 688 984 nam
702 927 752 984 uix
766 926 923 1003 quisquam
941 927 979 986 de
1000 945 1055 986 suo
1074 928 1220 989 inlaturus

162 1038 233 1100 erat,
248 1036 280 1085 ut
297 1028 385 1086 etiam
400 1036 502 1084 contra
516 1024 633 1084 Gembl.
647 1025 826 1101 reposuerim

405 1143 461 1183 nec
482 1142 543 1183 non
563 1133 592 1181 et
613 1123 744 1182 Piscibus
764 1124 820 1182 orti

286 1221 485 1282 Concordant.
528 1221 589 1280 Illis
609 1239 679 1278 nam
701 1238 788 1297 saepe
809 1231 854 1280 est
876 1220 1015 1281 subdolus
1036 1232 1120 1282 actus

163 1323 192 1382 h.
206 1341 230 1382 e
245 1325 333 1381 etiam
347 1322 403 1379 orti
423 1321 478 1380 sub
492 1320 625 1379 Piscibus
644 1337 748 1397 pacem
762 1321 837 1378 inter
856 1337 888 1379 se
905 1321 1022 1380 habent.
1064 1320 1146 1380 Nam
1162 1322 1219 1380 illis

59 1494 62 1501 1
163 1423 308 1498 prioribus
323 1419 460 1500 (Scorpio
482 1420 557 1477 natis
577 1428 606 1476 et
626 1416 755 1496 Cancro)
772 1436 860 1496 saepe
878 1418 1004 1479 fraterna
1022 1421 1150 1480 amicitia
1164 1422 1219 1502 in·

165 1520 244 1579 sidiis
261 1520 393 1578 uiolatur.
434 1517 473 1575 Et
488 1517 529 1576 sic
544 1516 633 1575 edidit
648 1513 802 1575 MoliniuS.

204 1619 240 1676 In
255 1621 311 1690 641
327 1625 355 1675 et
366 1616 446 1694 quod
461 1616 549 1674 habet
562 1611 661 1673 Voss'?
670 1615 707 1672 ab
718 1634 764 1686 ex,
775 1630 836 1672 non
850 1635 871 1687 e,
886 1615 1076 1692 deprauatum
1091 1616 1217 1676 uidetur.

205 1717 245 1777 11.
260 1720 329 1790 643,
346 1718 414 1790 ⁶45·
690 1789 691 1792 a

286 1813 350 1873 Nec
371 1813 440 1872 satis
459 1811 517 1871 hoc
538 1821 659 1882 tantum,
680 1811 749 1869 solis
770 1811 899 1870 insistere
920 1812 1011 1888 signis

285 1911 370 1970 Parte
391 1928 484 1987 genus
504 1910 617 1968 uariant
638 1919 667 1968 et
687 1910 764 1968 uires
779 1910 862 1984 linea
881 1920 983 1969 mutat.

160 2046 161 2051 κ
203 2010 330 2068 uariatur
351 2009 483 2068 Vosciam'
493 1994 586 2067 uariai
602 2007 669 2066 Cur.
684 2027 751 2064 num
766 2008 891 2066 uariatur
904 2002 934 2066 et
948 2008 1024 2067 iras?

164 2107 243 2167 Nam
257 2107 331 2166 infra
346 2109 414 2182 649,
430 2109 489 2180 650
504 2108 609 2184 quibus
624 2106 757 2165 uersibus
772 2109 841 2180 643,
856 2125 873 2178 4
889 2106 1072 2183 explicantur

286 2206 366 2265 Hinc
387 2206 477 2266 modo
498 2206 547 2264 dat
567 2206 695 2263 mundus
715 2205 799 2276 uireS,
820 2205 911 2263 modo
932 2206 1055 2264 detrahit
1075 2205 1163 2278 idem,

286 2304 431 2379 Quaeque
453 2304 508 2362 illic
529 2313 647 2361 sumunt
669 2303 732 2379 iras,
755 2303 813 2361 huc
835 2313 900 2361 acta
920 2311 1065 2380 reponunt

204 2405 266 2462 iras
280 2403 368 2461 habet
384 2401 499 2461 Gembl.
509 2419 577 2459 cum
591 2400 672 2476 Lips.
687 2411 716 2459 et
729 2421 753 2472 o,
768 2404 843 2459 uires
855 2401 1001 2461 Vossiani.

204 2502 244 2559 Il.
260 2504 329 2574 658,
346 2520 363 2576 9
380 2501 422 2559 sic
437 2508 536 2558 extant
550 2499 580 2555 in
594 2498 710 2558 Gembl.

285 2599 345 2657 Ver
365 2598 440 2656 aries
460 2615 589 2656 cererem
610 2615 715 2655 cancer
735 2596 920 2673 bachumque
940 2599 1108 2658 ministrans

284 2696 375 2755 Libra
396 2714 482 2772 caper
502 2697 636 2753 brumam
657 2695 829 2772 genitusque
850 2697 888 2754 ad
909 2695 1016 2772 frigora
1036 2696 1133 2772 piscis.

204 2793 276 2854 Non
307 2795 454 2852 adsentior
485 2792 618 2852 Bentleio
649 2793 774 2851 absurde
798 2792 896 2852 hicet
920 2793 1067 2853 incondite
1095 2803 1215 2869 poetam

163 2880 261 2970 loqui:
284 2902 420 2969 recteque
442 2891 512 2950 mihi
532 2892 646 2950 uidetur
668 2890 795 2966 Scaliger
815 2895 874 2966 659
896 2892 938 2951 sic
959 2893 1164 2969 interpretatus
1183 2904 1216 2951 ut

163 2991 358 3067 Capricornus
378 3008 446 3048 cum
463 2991 499 3048 sit
514 3009 602 3065 caper
616 2989 646 3046 in
662 2990 772 3066 piscem
786 2990 932 3059 desinens,
948 3009 965 3049 a
980 2989 1104 3049 Manilio
1119 2991 1216 3050 dictus

163 3090 199 3148 sit
214 3100 296 3166 caper
305 3091 469 3164 genitusque
482 3090 523 3145 ad
522 3090 648 3164 frigora
656 3090 755 3163 parcis.
786 3087 832 3147 Sic
839 3090 969 3164 pz‘scrirus
980 3100 1062 3165 caper
1072 3089 1174 3148 dicitur
1185 3092 1216 3148 in

163 3188 294 3245 uersibus
307 3187 344 3245 de
356 3186 480 3263 sphaera
488 3185 520 3243 P.
529 3185 563 3242 L.
574 3185 617 3242 M.
627 3184 663 3245 V.
674 3204 702 3261 p.
714 3189 783 3259 382.
815 3187 929 3245 Additis
938 3188 1015 3245 enim
1027 3187 1216 3264 illisgem'tus·

161 3305 213 3362 que
226 3287 268 3342 od
267 3286 392 3364 frigora
399 3287 491 3362 piscis
506 3302 624 3342 causam
641 3286 712 3360 petit
730 3303 767 3342 ex
782 3295 885 3344 natura
899 3304 996 3343 rerum
1011 3304 1064 3344 cur
1077 3284 1216 3363 frigidum

161 3386 282 3442 brumae
297 3394 410 3459 tempus
431 3383 612 3459 Capricorno
628 3383 769 3441 tribuatur
779 3401 787 3454 3
809 3384 945 3442 nimirum
966 3383 1152 3460 frigidissima
1170 3398 1216 3445 est

161 3492 265 3541 natura
288 3482 428 3558 piscium:
461 3479 657 3557 Capricornus
686 3491 782 3539 autem
810 3501 847 3540 ex
872 3500 963 3558 capro
987 3493 1015 3542 et
1039 3483 1119 3559 pisce
1142 3502 1214 3543 con-

162 3580 368 3640 formationem
388 3579 486 3638 habet.
537 3576 634 3637 Schol.
656 3576 737 3637 Harl.
759 3579 789 3636 in
808 3579 917 3639 Aratea
936 3580 1089 3640 Ciceronis
1108 3600 1137 3658 p.
1157 3583 1215 3640 xiiii

162 3677 345 3737 Kauffmann
370 3677 439 3735 Hoc
459 3678 541 3735 etrirm
565 3677 598 3734 de
621 3695 709 3734 causa
732 3678 790 3734 ems
815 3678 976 3756 inferiorem
994 3686 1106 3755 partem
1124 3682 1215 3757 piscar

162 3797 216 3834 esse
236 3777 428 3852 deformatam,
443 3776 517 3851 quod
533 3775 686 3835 muricibus
706 3775 793 3834 hostes
810 3778 850 3834 cit
867 3779 1007 3836 circulatus
1015 3788 1073 3854 pro
1089 3779 1215 3855 lapidum

163 3876 284 3934 coctione.
