2760 4448
622 280 649 334 V
1098 272 1160 352 165

111 439 216 500 meude
239 432 307 501 Cui.
328 440 434 501 incoda
462 436 549 501 Voss?
570 460 607 501 ne
630 441 716 502 crede
738 442 780 501 ob
803 441 884 501 Fart.
904 442 934 501 in
953 442 1058 503 saecla.
1101 457 1158 520 107

109 535 313 612 Abmtamque
333 534 418 596 Vass.¹
432 535 655 613 Abruptumque
674 537 761 596 Voss.⁸
774 534 995 615 Abreptumque
1009 535 1161 598 Bentliius.

998 632 1015 665 0

113 683 171 739 108
180 701 255 742 onus
266 678 375 742 Voss.¹o
386 700 472 742 onms
487 681 573 744 Voss.²
583 689 646 741 testi
656 682 701 741 Di
711 683 816 742 Vri'isio
826 701 901 760 opus
911 681 927 740 b
938 682 1012 758 signi
1022 684 1039 741 b
1049 683 1124 760 signi
1134 703 1158 745 o.

151 779 241 856 Signi
251 800 288 841 ex
302 783 383 857 signo
397 791 565 858 corruptum
580 800 641 841 non
655 780 832 853 crediderim,
848 780 899 840 sed
915 799 950 839 ex
963 783 1057 857 gigni.
1100 782 1158 842 Pro

110 880 207 937 i'ncada
221 881 300 939 bona
316 898 385 956 pars
405 880 540 940 codicum
558 879 646 939 habet
666 882 769 938 incude.
811 879 1058 938 Emendationum
1077 881 1158 940 nulla

108 973 221 1054 placet¹
229 996 239 1050 ;
259 995 322 1036 non
335 976 456 1036 Bentleii
469 979 582 1036 strictas
596 981 626 1036 iu
641 981 712 1036 colla
726 980 840 1051 securi'i',
856 996 917 1036 non
932 977 1032 1036 Iacobi
1046 982 1157 1038 strictos

108 1095 156 1133 nic
170 1077 256 1134 corda
272 1074 398 1136 Catonis.
441 1074 552 1134 Verum
566 1076 653 1135 credo
667 1078 777 1135 strictos
791 1080 821 1134 in
840 1076 930 1133 saecla
949 1075 1075 1148 Catonis,
1090 1077 1118 1134 h.
1130 1096 1155 1136 e.

109 1173 239 1234 Catones
252 1175 403 1233 seueritate
417 1184 546 1234 armatos
560 1185 661 1234 contra
676 1173 780 1234 saeculi
794 1175 974 1249 prauitatem.
1010 1173 1058 1233 Sic
1075 1174 1156 1232 Mar-

108 1272 183 1330 tialis
205 1272 242 1332 de
263 1271 386 1332 Chresto
407 1273 445 1331 ix.
469 1276 515 1330 28.
532 1277 559 1345 8,
575 1292 593 1348 9
608 1293 742 1348 sonasque
755 1273 917 1348 grandibus
938 1273 1044 1348 loquax
1064 1273 1157 1330 uerbis

107 1369 152 1428 Et
163 1390 226 1429 airu
239 1371 355 1431 theatris
366 1373 524 1447 saeculoque
537 1374 662 1443 rixaris,
681 1372 870 1448 eiusdemque
887 1369 1074 1429 Catonianam
1099 1373 1155 1428 li‘n-

103 1482 194 1539 guam
204 1464 414 1536 insectatur14.
438 1463 582 1524 Pluralem
597 1465 637 1525 sic
662 1465 812 1541 usurpauit
834 1474 865 1522 ut
887 1464 1008 1539 scriptor
1032 1463 1154 1539 Epiced.

106 1561 195 1621 Drus.
216 1576 255 1637 45
280 1561 359 1634 Qui'a'
382 1565 499 1621 tenuisse
526 1565 650 1620 animum
679 1569 775 1620 cantra
809 1582 862 1619 sua
888 1563 999 1619 saecula
1026 1565 1158 1620 rectum?

105 1656 245 1718 Lucanus
260 1678 287 1718 x.
306 1678 363 1719 110
387 1658 522 1719 Nondum
546 1662 698 1719 translatos
719 1660 854 1718 Romana
877 1662 908 1717 in
932 1662 1041 1718 saecula
1055 1663 1154 1733 luxus,

106 1775 275 1834 quanquam
298 1776 360 1816 non
382 1776 431 1817 me
453 1758 523 1817 fallit
544 1757 768 1835 Nettleshipium
790 1759 821 1816 in
842 1758 916 1817 libro
944 1776 1032 1834 quem
1060 1777 1155 1835 nuper

105 1855 194 1913 edidit
220 1854 430 1915 Contri'buti'ons
456 1863 483 1915 ta
509 1857 599 1914 Latin
623 1857 841 1934 Lexi'cograptiy
865 1874 913 1934 pp.
942 1860 1010 1931 581,
1032 1875 1046 1913 2
1073 1857 1156 1916 aliter

106 1953 143 2012 de
163 1952 210 2013 his
227 1953 300 2013 locis
323 1954 438 2027 sende,
450 1954 611 2033 Epicedion
629 1955 758 2015 falsitatis
774 1964 894 2032 propter
914 1954 972 2014 hoc
991 1955 1088 2032 ipsum
1109 1955 1155 2014 in·

105 2051 250 2111 simulare.

146 2148 184 2209 V.
200 2165 338 2222 111-'114
354 2148 394 2210 sic
408 2159 508 2211 extant
521 2153 552 2211 in
567 2152 682 2213 Gembl.

429 2251 511 2309 uario
532 2250 641 2310 ducunt
660 2252 691 2308 in
712 2269 811 2310 amore
832 2251 981 2310 iuuentem

226 2344 264 2406 In
284 2345 389 2406 uulnus
410 2365 570 2426 numquam
590 2350 680 2409 uirtus
701 2350 753 2408 sed
774 2367 860 2426 saepe
881 2349 973 2406 libido

225 2444 351 2522 Impellit
371 2446 520 2524 turpisque
541 2448 646 2506 emitur
665 2448 714 2507 uel
735 2458 828 2508 morte
849 2448 986 2523 uoluptas

224 2542 264 2602 Et
283 2543 428 2602 mininum
448 2541 514 2626 (sie)
534 2547 671 2606 cecidisse
692 2547 802 2605 malum
823 2555 866 2605 est
886 2546 954 2623 quia
975 2543 1096 2603 crimine

266 2642 387 2702 uictum.

147 2765 204 2820 114
226 2746 342 2807 Minum
364 2770 402 2809 an
423 2752 537 2810 munim
560 2754 600 2810 sit
619 2753 650 2810 in
675 2749 761 2811 Voss.²
781 2771 863 2828 aegri
879 2753 1076 2827 perspicitur:
1104 2751 1153 2809 sed

102 2845 258 2905 Falcauiro
271 2845 387 2906 Madau
397 2851 489 2908 urium
506 2857 547 2908 est
558 2851 672 2909 minum
699 2851 853 2909 minimum
867 2851 906 2908 ob
928 2845 1064 2909 cecidisse
1081 2848 1149 2908 Cus.

102 2946 231 3005 tendisse
246 2945 331 3004 Voss.²
339 2947 408 3024 quia
421 2950 496 3006 codd.
507 2950 612 3008 sinceri
626 2951 678 3009 sed
691 2949 731 3008 ab
744 2968 783 3008 ex
793 2950 1000 3024 interpolatione
1014 2949 1150 3008 crimeno

101 3043 197 3102 uictus
210 3043 337 3105 Iacobus.

144 3137 175 3195 Si
192 3156 229 3196 ex
243 3138 343 3198 Voss²
356 3139 558 3201 reformandus
571 3151 646 3201 esset
663 3159 765 3200 uersus
787 3159 852 3212 114,
867 3151 968 3217 posset
983 3143 1088 3199 munim
1103 3139 1150 3198 uel

102 3239 210 3294 nii‘nuru
230 3239 346 3297 tendusi
365 3258 402 3298 ex
423 3243 536 3298 monitui
551 3241 698 3298 intendisse
719 3240 852 3298 uitiatum
874 3240 961 3312 credi,
984 3241 1088 3297 malum
1113 3256 1150 3296 ex

102 3353 224 3406 manum,
235 3338 302 3412 quia
316 3323 354 3396 eu
366 3339 400 3396 ui
410 3359 453 3412 ac,
467 3349 499 3398 ut
513 3340 552 3398 sic
566 3339 703 3398 euaderet

184 3433 223 3492 Et
246 3435 359 3494 minimi
381 3437 536 3497 intendisse
557 3455 678 3496 manum
703 3447 746 3495 est
769 3437 798 3494 ui
822 3455 858 3496 ac
880 3437 1000 3495 crimine
1028 3435 1148 3506 uictum,

101 3528 130 3591 h.
142 3532 167 3590 e.
182 3532 303 3592 minime
324 3534 502 3611 flagitiosum
522 3535 643 3595 habetur
664 3536 688 3594 si
705 3536 769 3613 quis
789 3554 910 3595 manum
930 3535 1015 3594 alicui
1034 3533 1148 3593 intend-

100 3631 163 3701 erit,
184 3649 252 3690 cum
274 3633 367 3693 uictus
388 3644 455 3693 ante
475 3633 558 3693 fuerit
578 3636 607 3692 ui
628 3644 735 3693 tractus
755 3635 787 3693 in
807 3634 960 3706 iudicium;
990 3651 1060 3692 nam
1079 3634 1147 3709 quia

100 3731 152 3789 uia
165 3740 231 3789 ante
245 3730 320 3790 inter
334 3748 364 3790 se
378 3741 540 3810 permutata
553 3732 677 3791 uidimus
691 3733 715 3792 Ι.
733 3746 747 3808 7
773 3747 799 3809 7.

193 3885 204 3917 ²
219 3885 294 3938 Velut
304 3887 441 3939 nouissima
451 3887 581 3938 Thomasii
592 3888 709 3939 strictum
721 3904 801 3940 insuu
812 3888 841 3938 in
853 3889 925 3938 eorda
939 3888 1049 3938 Catonis.
