<?xml version="1.0" encoding="UTF-8"?>
<!DOCTYPE html PUBLIC "-//W3C//DTD XHTML 1.0 Transitional//EN"
    "http://www.w3.org/TR/xhtml1/DTD/xhtml1-transitional.dtd">
<html xmlns="http://www.w3.org/1999/xhtml" xml:lang="en" lang="en">
 <head>
  <title>
</title>
<meta http-equiv="Content-Type" content="text/html;charset=utf-8" />
  <meta name='ocr-system' content='tesseract 3.04.00' />
  <meta name='ocr-capabilities' content='ocr_page ocr_carea ocr_par ocr_line ocrx_word'/>
</head>
<body>
  <div class='ocr_page' id='page_1' title='image "./noctesmaniliana00elligoog/noctesmaniliana00elligoog_0074.png"; bbox 0 0 2760 4448; ppageno 0'>
   <div class='ocr_carea' id='block_1_1' title="bbox 160 404 1218 1760">
    <p class='ocr_par' dir='ltr' id='par_1_1' title="bbox 160 404 1218 1760">
     <span class='ocr_line' id='line_1_1' title="bbox 285 404 1077 487; baseline 0.008 -22"><span class='ocrx_word' id='word_1_1' title='bbox 285 404 433 484; x_wconf 82' lang='lat' dir='ltr'>Lanigero</span> <span class='ocrx_word' id='word_1_2' title='bbox 453 408 557 485; x_wconf 90' lang='lat' dir='ltr'>genitis</span> <span class='ocrx_word' id='word_1_3' title='bbox 577 406 686 467; x_wconf 86' lang='lat' dir='ltr'>bellurn</span> <span class='ocrx_word' id='word_1_4' title='bbox 706 418 751 469; x_wconf 93' lang='lat' dir='ltr'>est</span> <span class='ocrx_word' id='word_1_5' title='bbox 771 427 839 469; x_wconf 90' lang='lat' dir='ltr'>cum</span> <span class='ocrx_word' id='word_1_6' title='bbox 860 409 980 487; x_wconf 85' lang='lat' dir='ltr'>Virgine</span> <span class='ocrx_word' id='word_1_7' title='bbox 1001 412 1077 472; x_wconf 84' lang='lat' dir='ltr'>natis</span> 
     </span>
     <span class='ocr_line' id='line_1_2' title="bbox 285 504 1077 586; baseline 0.006 -22"><span class='ocrx_word' id='word_1_8' title='bbox 285 505 324 564; x_wconf 90' lang='lat' dir='ltr'>Et</span> <span class='ocrx_word' id='word_1_9' title='bbox 346 504 434 565; x_wconf 89' lang='lat' dir='ltr'>Libra</span> <span class='ocrx_word' id='word_1_10' title='bbox 453 516 483 565; x_wconf 91' lang='lat' dir='ltr'>et</span> <span class='ocrx_word' id='word_1_11' title='bbox 502 505 636 566; x_wconf 85' lang='lat' dir='ltr'>Geminis</span> <span class='ocrx_word' id='word_1_12' title='bbox 656 517 686 566; x_wconf 91' lang='lat' dir='ltr'>et</span> <span class='ocrx_word' id='word_1_13' title='bbox 705 508 730 566; x_wconf 92' lang='lat' dir='ltr'>si</span> <span class='ocrx_word' id='word_1_14' title='bbox 752 526 826 586; x_wconf 91' lang='lat' dir='ltr'>quos</span> <span class='ocrx_word' id='word_1_15' title='bbox 847 509 965 585; x_wconf 90' lang='lat' dir='ltr'>protulit</span> <span class='ocrx_word' id='word_1_16' title='bbox 984 508 1077 569; x_wconf 90' lang='lat' dir='ltr'>Vrna.</span> 
     </span>
     <span class='ocr_line' id='line_1_3' title="bbox 160 603 448 664; baseline -0.007 1"><span class='ocrx_word' id='word_1_17' title='bbox 160 603 289 664; x_wconf 85' lang='lat' dir='ltr'>Iacobus</span> <span class='ocrx_word' id='word_1_18' title='bbox 303 604 345 663; x_wconf 90' lang='lat' dir='ltr'>sic</span> <span class='ocrx_word' id='word_1_19' title='bbox 358 603 448 663; x_wconf 90' lang='lat' dir='ltr'>edidit</span> 
     </span>
     <span class='ocr_line' id='line_1_4' title="bbox 192 700 1078 781; baseline 0.005 -21"><span class='ocrx_word' id='word_1_20' title='bbox 192 761 196 770; x_wconf 80' lang='grc'><strong>,</strong></span> <span class='ocrx_word' id='word_1_21' title='bbox 285 703 324 761; x_wconf 89' lang='lat' dir='ltr'>Et</span> <span class='ocrx_word' id='word_1_22' title='bbox 344 701 451 762; x_wconf 87' lang='lat' dir='ltr'>Libra:</span> <span class='ocrx_word' id='word_1_23' title='bbox 473 700 601 775; x_wconf 88' lang='lat' dir='ltr'>Gemini,</span> <span class='ocrx_word' id='word_1_24' title='bbox 624 701 731 773; x_wconf 87' lang='lat' dir='ltr'>Pisces,</span> <span class='ocrx_word' id='word_1_25' title='bbox 753 721 828 781; x_wconf 90' lang='lat' dir='ltr'>quos</span> <span class='ocrx_word' id='word_1_26' title='bbox 848 704 968 781; x_wconf 89' lang='lat' dir='ltr'>protulit</span> <span class='ocrx_word' id='word_1_27' title='bbox 989 704 1078 764; x_wconf 85' lang='lat' dir='ltr'>Vnda</span> 
     </span>
     <span class='ocr_line' id='line_1_5' title="bbox 161 799 1214 879; baseline 0.003 -20"><span class='ocrx_word' id='word_1_28' title='bbox 161 800 270 879; x_wconf 90' lang='lat' dir='ltr'>quibus</span> <span class='ocrx_word' id='word_1_29' title='bbox 290 800 388 859; x_wconf 90' lang='lat' dir='ltr'>uerbis</span> <span class='ocrx_word' id='word_1_30' title='bbox 403 799 570 878; x_wconf 90' lang='lat' dir='ltr'>‘neglecta&#39;</span> <span class='ocrx_word' id='word_1_31' title='bbox 589 801 652 860; x_wconf 86' lang='lat' dir='ltr'>siue</span> <span class='ocrx_word' id='word_1_32' title='bbox 674 801 771 878; x_wconf 91' lang='lat' dir='ltr'>potius</span> <span class='ocrx_word' id='word_1_33' title='bbox 792 801 871 861; x_wconf 91' lang='lat' dir='ltr'>nulla</span> <span class='ocrx_word' id='word_1_34' title='bbox 892 813 1035 863; x_wconf 85' lang='lat' dir='ltr'>structura</span> <span class='ocrx_word' id='word_1_35' title='bbox 1057 803 1214 864; x_wconf 89' lang='lat' dir='ltr'>cohaeren-</span> 
     </span>
     <span class='ocr_line' id='line_1_6' title="bbox 161 898 1214 980; baseline 0.004 -23"><span class='ocrx_word' id='word_1_36' title='bbox 161 900 241 958; x_wconf 88' lang='lat' dir='ltr'>tibus</span> <span class='ocrx_word' id='word_1_37' title='bbox 254 898 344 958; x_wconf 90' lang='lat' dir='ltr'>uoluit</span> <span class='ocrx_word' id='word_1_38' title='bbox 354 899 410 958; x_wconf 92' lang='lat' dir='ltr'>hoc</span> <span class='ocrx_word' id='word_1_39' title='bbox 425 899 588 976; x_wconf 87' lang='lat' dir='ltr'>significari,</span> <span class='ocrx_word' id='word_1_40' title='bbox 595 899 685 957; x_wconf 85' lang='lat' dir='ltr'>Arieti</span> <span class='ocrx_word' id='word_1_41' title='bbox 700 899 808 959; x_wconf 91' lang='lat' dir='ltr'>bellum</span> <span class='ocrx_word' id='word_1_42' title='bbox 823 918 886 960; x_wconf 91' lang='lat' dir='ltr'>esse</span> <span class='ocrx_word' id='word_1_43' title='bbox 900 920 969 961; x_wconf 92' lang='lat' dir='ltr'>cum</span> <span class='ocrx_word' id='word_1_44' title='bbox 977 900 1107 980; x_wconf 88' lang='lat' dir='ltr'>quinque</span> <span class='ocrx_word' id='word_1_45' title='bbox 1122 903 1214 980; x_wconf 86' lang='lat' dir='ltr'>signis</span> 
     </span>
     <span class='ocr_line' id='line_1_7' title="bbox 163 996 842 1083; baseline 0.004 -28"><span class='ocrx_word' id='word_1_46' title='bbox 163 998 287 1074; x_wconf 85' lang='lat' dir='ltr'>Virgine</span> <span class='ocrx_word' id='word_1_47' title='bbox 301 996 390 1057; x_wconf 90' lang='lat' dir='ltr'>Libra</span> <span class='ocrx_word' id='word_1_48' title='bbox 405 997 539 1057; x_wconf 90' lang='lat' dir='ltr'>Geminis</span> <span class='ocrx_word' id='word_1_49' title='bbox 554 998 687 1083; x_wconf 83' lang='lat' dir='ltr'>Piscibus</span> <span class='ocrx_word' id='word_1_50' title='bbox 701 997 842 1075; x_wconf 89' lang='lat' dir='ltr'>Aquario.</span> 
     </span>
     <span class='ocr_line' id='line_1_8' title="bbox 206 1094 1215 1175; baseline 0.005 -21"><span class='ocrx_word' id='word_1_51' title='bbox 206 1095 315 1156; x_wconf 89' lang='lat' dir='ltr'>Melius</span> <span class='ocrx_word' id='word_1_52' title='bbox 338 1094 462 1157; x_wconf 90' lang='lat' dir='ltr'>Manilio</span> <span class='ocrx_word' id='word_1_53' title='bbox 483 1096 668 1157; x_wconf 89' lang='lat' dir='ltr'>consuluerat</span> <span class='ocrx_word' id='word_1_54' title='bbox 690 1095 858 1157; x_wconf 87' lang='lat' dir='ltr'>Gronouius</span> <span class='ocrx_word' id='word_1_55' title='bbox 880 1096 1032 1159; x_wconf 89' lang='lat' dir='ltr'>Obseruat.</span> <span class='ocrx_word' id='word_1_56' title='bbox 1053 1099 1081 1159; x_wconf 93' lang='lat' dir='ltr'>ii.</span> <span class='ocrx_word' id='word_1_57' title='bbox 1104 1113 1121 1175; x_wconf 88' lang='lat'><strong>5</strong></span> <span class='ocrx_word' id='word_1_58' title='bbox 1144 1099 1215 1159; x_wconf 86' lang='lat' dir='ltr'>scri·</span> 
     </span>
     <span class='ocr_line' id='line_1_9' title="bbox 162 1195 264 1255; baseline 0.01 -1"><span class='ocrx_word' id='word_1_59' title='bbox 162 1195 264 1255; x_wconf 89' lang='lat' dir='ltr'>bendo</span> 
     </span>
     <span class='ocr_line' id='line_1_10' title="bbox 287 1292 1082 1372; baseline 0.003 -20"><span class='ocrx_word' id='word_1_60' title='bbox 287 1293 325 1352; x_wconf 91' lang='lat' dir='ltr'>Et</span> <span class='ocrx_word' id='word_1_61' title='bbox 346 1292 435 1354; x_wconf 90' lang='lat' dir='ltr'>Libra</span> <span class='ocrx_word' id='word_1_62' title='bbox 456 1302 486 1354; x_wconf 87' lang='lat' dir='ltr'>et</span> <span class='ocrx_word' id='word_1_63' title='bbox 506 1293 617 1371; x_wconf 86' lang='lat' dir='ltr'>gemini</span> <span class='ocrx_word' id='word_1_64' title='bbox 639 1294 737 1354; x_wconf 90' lang='lat' dir='ltr'>Pisces</span> <span class='ocrx_word' id='word_1_65' title='bbox 757 1311 834 1372; x_wconf 89' lang='lat' dir='ltr'>quos</span> <span class='ocrx_word' id='word_1_66' title='bbox 854 1295 973 1371; x_wconf 91' lang='lat' dir='ltr'>protulit</span> <span class='ocrx_word' id='word_1_67' title='bbox 993 1295 1082 1354; x_wconf 90' lang='lat' dir='ltr'>unda.</span> 
     </span>
     <span class='ocr_line' id='line_1_11' title="bbox 163 1391 1218 1470; baseline 0.002 -20"><span class='ocrx_word' id='word_1_68' title='bbox 163 1393 268 1468; x_wconf 87' lang='lat' dir='ltr'>Itaque</span> <span class='ocrx_word' id='word_1_69' title='bbox 282 1401 340 1451; x_wconf 86' lang='lat' dir='ltr'>tres</span> <span class='ocrx_word' id='word_1_70' title='bbox 353 1391 452 1451; x_wconf 88' lang='lat' dir='ltr'>hostes</span> <span class='ocrx_word' id='word_1_71' title='bbox 466 1392 601 1451; x_wconf 89' lang='lat' dir='ltr'>adtribuit</span> <span class='ocrx_word' id='word_1_72' title='bbox 614 1392 716 1466; x_wconf 89' lang='lat' dir='ltr'>Arieti,</span> <span class='ocrx_word' id='word_1_73' title='bbox 730 1403 816 1452; x_wconf 90' lang='lat' dir='ltr'>natos</span> <span class='ocrx_word' id='word_1_74' title='bbox 830 1394 885 1452; x_wconf 92' lang='lat' dir='ltr'>sub</span> <span class='ocrx_word' id='word_1_75' title='bbox 899 1393 1030 1469; x_wconf 83' lang='lat' dir='ltr'>Virgine,</span> <span class='ocrx_word' id='word_1_76' title='bbox 1045 1394 1101 1452; x_wconf 88' lang='lat' dir='ltr'>sub</span> <span class='ocrx_word' id='word_1_77' title='bbox 1116 1391 1218 1470; x_wconf 86' lang='lat' dir='ltr'>Libra,</span> 
     </span>
     <span class='ocr_line' id='line_1_12' title="bbox 165 1485 1216 1563; baseline 0 -18"><span class='ocrx_word' id='word_1_78' title='bbox 165 1488 221 1545; x_wconf 91' lang='lat' dir='ltr'>sub</span> <span class='ocrx_word' id='word_1_79' title='bbox 237 1485 376 1545; x_wconf 88' lang='lat' dir='ltr'>Piscibus.</span> <span class='ocrx_word' id='word_1_80' title='bbox 405 1485 489 1546; x_wconf 90' lang='lat' dir='ltr'>Idem</span> <span class='ocrx_word' id='word_1_81' title='bbox 499 1487 635 1563; x_wconf 89' lang='lat' dir='ltr'>opinatus</span> <span class='ocrx_word' id='word_1_82' title='bbox 651 1497 694 1545; x_wconf 89' lang='lat' dir='ltr'>est</span> <span class='ocrx_word' id='word_1_83' title='bbox 708 1485 843 1558; x_wconf 80' lang='lat' dir='ltr'>HuetiuS,</span> <span class='ocrx_word' id='word_1_84' title='bbox 855 1487 934 1546; x_wconf 91' lang='lat' dir='ltr'>idem</span> <span class='ocrx_word' id='word_1_85' title='bbox 947 1498 975 1546; x_wconf 91' lang='lat' dir='ltr'>et</span> <span class='ocrx_word' id='word_1_86' title='bbox 987 1486 1152 1559; x_wconf 90' lang='lat' dir='ltr'>Stoeberus,</span> <span class='ocrx_word' id='word_1_87' title='bbox 1164 1486 1216 1545; x_wconf 91' lang='lat' dir='ltr'>sed</span> 
     </span>
     <span class='ocr_line' id='line_1_13' title="bbox 164 1584 1103 1661; baseline 0 -19"><span class='ocrx_word' id='word_1_88' title='bbox 164 1596 197 1642; x_wconf 94' lang='lat' dir='ltr'>ut</span> <span class='ocrx_word' id='word_1_89' title='bbox 210 1585 390 1653; x_wconf 87' lang='lat' dir='ltr'>emendaret,</span> <span class='ocrx_word' id='word_1_90' title='bbox 404 1602 508 1661; x_wconf 93' lang='lat' dir='ltr'>parum</span> <span class='ocrx_word' id='word_1_91' title='bbox 522 1585 569 1643; x_wconf 90' lang='lat' dir='ltr'>ille</span> <span class='ocrx_word' id='word_1_92' title='bbox 583 1584 702 1661; x_wconf 89' lang='lat' dir='ltr'>quidem</span> <span class='ocrx_word' id='word_1_93' title='bbox 716 1584 836 1644; x_wconf 87' lang='lat' dir='ltr'>feliciter</span> <span class='ocrx_word' id='word_1_94' title='bbox 1100 1651 1103 1657; x_wconf 23' lang='lat'>¹</span> 
     </span>
     <span class='ocr_line' id='line_1_14' title="bbox 288 1680 1092 1760; baseline 0.001 -21"><span class='ocrx_word' id='word_1_95' title='bbox 288 1682 327 1740; x_wconf 90' lang='lat' dir='ltr'>Et</span> <span class='ocrx_word' id='word_1_96' title='bbox 347 1680 436 1741; x_wconf 91' lang='lat' dir='ltr'>Libra</span> <span class='ocrx_word' id='word_1_97' title='bbox 456 1693 484 1740; x_wconf 93' lang='lat' dir='ltr'>et</span> <span class='ocrx_word' id='word_1_98' title='bbox 504 1684 628 1760; x_wconf 87' lang='lat' dir='ltr'>geminis</span> <span class='ocrx_word' id='word_1_99' title='bbox 648 1700 724 1760; x_wconf 92' lang='lat' dir='ltr'>quos</span> <span class='ocrx_word' id='word_1_100' title='bbox 745 1683 844 1741; x_wconf 90' lang='lat' dir='ltr'>Pisces</span> <span class='ocrx_word' id='word_1_101' title='bbox 865 1683 984 1759; x_wconf 91' lang='lat' dir='ltr'>protulit</span> <span class='ocrx_word' id='word_1_102' title='bbox 1003 1682 1092 1741; x_wconf 91' lang='lat' dir='ltr'>unda.</span> 
     </span>
    </p>
   </div>
   <div class='ocr_carea' id='block_1_2' title="bbox 164 1795 1222 2159">
    <p class='ocr_par' dir='ltr' id='par_1_2' title="bbox 164 1795 1222 2159">
     <span class='ocr_line' id='line_1_15' title="bbox 165 1795 1215 1874; baseline 0.003 -20"><span class='ocrx_word' id='word_1_103' title='bbox 165 1797 215 1855; x_wconf 83' lang='lat' dir='ltr'>Ab</span> <span class='ocrx_word' id='word_1_104' title='bbox 235 1795 281 1856; x_wconf 89' lang='lat' dir='ltr'>his</span> <span class='ocrx_word' id='word_1_105' title='bbox 301 1816 334 1856; x_wconf 90' lang='lat' dir='ltr'>ru</span> <span class='ocrx_word' id='word_1_106' title='bbox 351 1797 429 1868; x_wconf 90' lang='lat' dir='ltr'>uiris,</span> <span class='ocrx_word' id='word_1_107' title='bbox 444 1805 472 1857; x_wconf 95' lang='lat' dir='ltr'>et</span> <span class='ocrx_word' id='word_1_108' title='bbox 485 1797 642 1874; x_wconf 84' lang='lat' dir='ltr'>praecipue</span> <span class='ocrx_word' id='word_1_109' title='bbox 657 1799 695 1856; x_wconf 92' lang='lat' dir='ltr'>ab</span> <span class='ocrx_word' id='word_1_110' title='bbox 716 1816 830 1858; x_wconf 83' lang='lat' dir='ltr'>uurrro</span> <span class='ocrx_word' id='word_1_111' title='bbox 844 1797 875 1855; x_wconf 91' lang='lat' dir='ltr'>in</span> <span class='ocrx_word' id='word_1_112' title='bbox 895 1796 950 1857; x_wconf 88' lang='lat' dir='ltr'>hac</span> <span class='ocrx_word' id='word_1_113' title='bbox 969 1816 1000 1857; x_wconf 92' lang='lat' dir='ltr'>re</span> <span class='ocrx_word' id='word_1_114' title='bbox 1017 1797 1215 1857; x_wconf 85' lang='lat' dir='ltr'>astronomica</span> 
     </span>
     <span class='ocr_line' id='line_1_16' title="bbox 164 1895 1219 1973; baseline 0.001 -18"><span class='ocrx_word' id='word_1_115' title='bbox 164 1895 348 1973; x_wconf 89' lang='lat' dir='ltr'>peritissimo,</span> <span class='ocrx_word' id='word_1_116' title='bbox 357 1912 419 1954; x_wconf 92' lang='lat' dir='ltr'>non</span> <span class='ocrx_word' id='word_1_117' title='bbox 432 1895 526 1954; x_wconf 93' lang='lat' dir='ltr'>audeo</span> <span class='ocrx_word' id='word_1_118' title='bbox 540 1895 674 1955; x_wconf 88' lang='lat' dir='ltr'>recedere</span> <span class='ocrx_word' id='word_1_119' title='bbox 682 1914 691 1968; x_wconf 91' lang='lat'>;</span> <span class='ocrx_word' id='word_1_120' title='bbox 712 1914 805 1954; x_wconf 91' lang='lat' dir='ltr'>unum</span> <span class='ocrx_word' id='word_1_121' title='bbox 818 1906 916 1955; x_wconf 90' lang='lat' dir='ltr'>tamen</span> <span class='ocrx_word' id='word_1_122' title='bbox 930 1895 1025 1955; x_wconf 90' lang='lat' dir='ltr'>habeo</span> <span class='ocrx_word' id='word_1_123' title='bbox 1040 1913 1099 1973; x_wconf 91' lang='lat' dir='ltr'>quo</span> <span class='ocrx_word' id='word_1_124' title='bbox 1114 1897 1219 1956; x_wconf 88' lang='lat' dir='ltr'>melius</span> 
     </span>
     <span class='ocr_line' id='line_1_17' title="bbox 166 1988 1222 2068; baseline -0.001 -19"><span class='ocrx_word' id='word_1_125' title='bbox 166 1991 205 2049; x_wconf 89' lang='lat' dir='ltr'>ad</span> <span class='ocrx_word' id='word_1_126' title='bbox 224 2007 328 2048; x_wconf 89' lang='lat' dir='ltr'>eorum</span> <span class='ocrx_word' id='word_1_127' title='bbox 344 2007 446 2049; x_wconf 86' lang='lat' dir='ltr'>sensus</span> <span class='ocrx_word' id='word_1_128' title='bbox 463 1989 680 2050; x_wconf 85' lang='lat' dir='ltr'>conformentur</span> <span class='ocrx_word' id='word_1_129' title='bbox 694 1990 784 2049; x_wconf 87' lang='lat' dir='ltr'>uerba</span> <span class='ocrx_word' id='word_1_130' title='bbox 803 1988 925 2062; x_wconf 89' lang='lat' dir='ltr'>Manilii,</span> <span class='ocrx_word' id='word_1_131' title='bbox 940 2001 972 2054; x_wconf 92' lang='lat' dir='ltr'>ut</span> <span class='ocrx_word' id='word_1_132' title='bbox 988 1997 1015 2049; x_wconf 82' lang='lat' dir='ltr'>et</span> <span class='ocrx_word' id='word_1_133' title='bbox 1030 2001 1098 2068; x_wconf 88' lang='lat' dir='ltr'>post</span> <span class='ocrx_word' id='word_1_134' title='bbox 1109 1991 1222 2067; x_wconf 80' lang='lat' dir='ltr'>gemini</span> 
     </span>
     <span class='ocr_line' id='line_1_18' title="bbox 165 2089 395 2159; baseline -0.009 -11"><span class='ocrx_word' id='word_1_135' title='bbox 165 2089 309 2148; x_wconf 84' lang='lat' dir='ltr'>excidisse</span> <span class='ocrx_word' id='word_1_136' title='bbox 323 2106 395 2159; x_wconf 90' lang='lat' dir='ltr'>rear,</span> 
     </span>
    </p>
   </div>
   <div class='ocr_carea' id='block_1_3' title="bbox 290 2184 1087 2264">
    <p class='ocr_par' dir='ltr' id='par_1_3' title="bbox 290 2184 1087 2264">
     <span class='ocr_line' id='line_1_19' title="bbox 290 2184 1087 2264; baseline 0.001 -20"><span class='ocrx_word' id='word_1_137' title='bbox 290 2185 330 2244; x_wconf 91' lang='lat' dir='ltr'>Et</span> <span class='ocrx_word' id='word_1_138' title='bbox 349 2184 446 2258; x_wconf 90' lang='lat' dir='ltr'>Libra,</span> <span class='ocrx_word' id='word_1_139' title='bbox 467 2186 576 2264; x_wconf 87' lang='lat' dir='ltr'>gemini</span> <span class='ocrx_word' id='word_1_140' title='bbox 597 2195 625 2246; x_wconf 89' lang='lat' dir='ltr'>et</span> <span class='ocrx_word' id='word_1_141' title='bbox 647 2185 739 2246; x_wconf 91' lang='lat' dir='ltr'>Piscis</span> <span class='ocrx_word' id='word_1_142' title='bbox 761 2205 836 2264; x_wconf 83' lang='lat' dir='ltr'>quos</span> <span class='ocrx_word' id='word_1_143' title='bbox 856 2185 978 2264; x_wconf 91' lang='lat' dir='ltr'>protulit</span> <span class='ocrx_word' id='word_1_144' title='bbox 997 2186 1087 2259; x_wconf 90' lang='lat' dir='ltr'>unda,</span> 
     </span>
    </p>
   </div>
   <div class='ocr_carea' id='block_1_4' title="bbox 165 2300 1221 2672">
    <p class='ocr_par' dir='ltr' id='par_1_4' title="bbox 165 2300 1221 2557">
     <span class='ocr_line' id='line_1_20' title="bbox 165 2300 1218 2380; baseline -0.001 -19"><span class='ocrx_word' id='word_1_145' title='bbox 165 2300 194 2361; x_wconf 92' lang='lat' dir='ltr'>h.</span> <span class='ocrx_word' id='word_1_146' title='bbox 209 2319 236 2360; x_wconf 93' lang='lat' dir='ltr'>e.</span> <span class='ocrx_word' id='word_1_147' title='bbox 250 2310 280 2360; x_wconf 92' lang='lat' dir='ltr'>et</span> <span class='ocrx_word' id='word_1_148' title='bbox 300 2302 431 2374; x_wconf 90' lang='lat' dir='ltr'>cumeis,</span> <span class='ocrx_word' id='word_1_149' title='bbox 447 2319 522 2377; x_wconf 91' lang='lat' dir='ltr'>quos</span> <span class='ocrx_word' id='word_1_150' title='bbox 543 2301 623 2360; x_wconf 90' lang='lat' dir='ltr'>unda</span> <span class='ocrx_word' id='word_1_151' title='bbox 643 2301 752 2377; x_wconf 87' lang='lat' dir='ltr'>gemini</span> <span class='ocrx_word' id='word_1_152' title='bbox 773 2302 866 2361; x_wconf 92' lang='lat' dir='ltr'>Piscis</span> <span class='ocrx_word' id='word_1_153' title='bbox 887 2300 1013 2378; x_wconf 91' lang='lat' dir='ltr'>protulit.</span> <span class='ocrx_word' id='word_1_154' title='bbox 1056 2301 1101 2361; x_wconf 91' lang='lat' dir='ltr'>Cf.</span> <span class='ocrx_word' id='word_1_155' title='bbox 1119 2303 1142 2361; x_wconf 92' lang='grc' dir='ltr'>Ι.</span> <span class='ocrx_word' id='word_1_156' title='bbox 1161 2317 1218 2380; x_wconf 79' lang='lat'>273</span> 
     </span>
     <span class='ocr_line' id='line_1_21' title="bbox 165 2399 1221 2478; baseline 0.003 -20"><span class='ocrx_word' id='word_1_157' title='bbox 165 2400 242 2459; x_wconf 82' lang='lat' dir='ltr'>Posi</span> <span class='ocrx_word' id='word_1_158' title='bbox 257 2400 332 2458; x_wconf 77' lang='lat' dir='ltr'>hunc</span> <span class='ocrx_word' id='word_1_159' title='bbox 348 2400 483 2478; x_wconf 83' lang='lat' dir='ltr'>inflexam</span> <span class='ocrx_word' id='word_1_160' title='bbox 504 2400 634 2477; x_wconf 81' lang='lat' dir='ltr'>defundit</span> <span class='ocrx_word' id='word_1_161' title='bbox 647 2399 797 2476; x_wconf 83' lang='lat' dir='ltr'>Aquarius</span> <span class='ocrx_word' id='word_1_162' title='bbox 815 2419 928 2473; x_wconf 82' lang='lat' dir='ltr'>urnam,</span> <span class='ocrx_word' id='word_1_163' title='bbox 946 2400 1080 2461; x_wconf 82' lang='lat' dir='ltr'>Piscibus</span> <span class='ocrx_word' id='word_1_164' title='bbox 1096 2409 1221 2461; x_wconf 82' lang='lat' dir='ltr'>assuetas</span> 
     </span>
     <span class='ocr_line' id='line_1_22' title="bbox 166 2497 549 2557; baseline 0.003 -1"><span class='ocrx_word' id='word_1_165' title='bbox 166 2500 250 2557; x_wconf 85' lang='lat' dir='ltr'>auide</span> <span class='ocrx_word' id='word_1_166' title='bbox 262 2497 438 2556; x_wconf 72' lang='lat' dir='ltr'>subeuntibus</span> <span class='ocrx_word' id='word_1_167' title='bbox 451 2498 549 2557; x_wconf 84' lang='lat' dir='ltr'>undas.</span> 
     </span>
    </p>

    <p class='ocr_par' dir='ltr' id='par_1_5' title="bbox 208 2595 716 2672">
     <span class='ocr_line' id='line_1_23' title="bbox 208 2595 716 2672; baseline 0 -16"><span class='ocrx_word' id='word_1_168' title='bbox 208 2596 250 2656; x_wconf 92' lang='lat'>11.</span> <span class='ocrx_word' id='word_1_169' title='bbox 269 2598 369 2672; x_wconf 83' lang='lat'>583—6</span> <span class='ocrx_word' id='word_1_170' title='bbox 384 2597 425 2656; x_wconf 94' lang='lat' dir='ltr'>sic</span> <span class='ocrx_word' id='word_1_171' title='bbox 439 2606 540 2655; x_wconf 85' lang='lat' dir='ltr'>extant</span> <span class='ocrx_word' id='word_1_172' title='bbox 553 2597 584 2654; x_wconf 91' lang='lat' dir='ltr'>in</span> <span class='ocrx_word' id='word_1_173' title='bbox 598 2595 716 2656; x_wconf 90' lang='lat' dir='ltr'>Gembl.</span> 
     </span>
    </p>
   </div>
   <div class='ocr_carea' id='block_1_5' title="bbox 293 2694 1033 2773">
    <p class='ocr_par' dir='ltr' id='par_1_6' title="bbox 293 2694 1033 2773">
     <span class='ocr_line' id='line_1_24' title="bbox 293 2694 1033 2773; baseline 0.005 -21"><span class='ocrx_word' id='word_1_174' title='bbox 293 2695 377 2754; x_wconf 90' lang='lat' dir='ltr'>Vnus</span> <span class='ocrx_word' id='word_1_175' title='bbox 397 2704 458 2755; x_wconf 89' lang='lat' dir='ltr'>erat</span> <span class='ocrx_word' id='word_1_176' title='bbox 479 2694 602 2767; x_wconf 85' lang='lat' dir='ltr'>Pilades,</span> <span class='ocrx_word' id='word_1_177' title='bbox 624 2713 700 2753; x_wconf 91' lang='lat' dir='ltr'>unus</span> <span class='ocrx_word' id='word_1_178' title='bbox 721 2694 772 2773; x_wconf 94' lang='lat' dir='ltr'>qui</span> <span class='ocrx_word' id='word_1_179' title='bbox 792 2695 890 2754; x_wconf 88' lang='lat' dir='ltr'>mallet</span> <span class='ocrx_word' id='word_1_180' title='bbox 912 2695 1033 2756; x_wconf 89' lang='lat' dir='ltr'>Orestes</span> 
     </span>
    </p>
   </div>
   <div class='ocr_carea' id='block_1_6' title="bbox 292 2791 1015 2937">
    <p class='ocr_par' dir='ltr' id='par_1_7' title="bbox 292 2791 1015 2937">
     <span class='ocr_line' id='line_1_25' title="bbox 292 2791 1015 2937; baseline 0.001 -19"><span class='ocrx_word' id='word_1_181' title='bbox 292 2861 360 2937; x_wconf 92' lang='lat' dir='ltr'>Ipse</span> <span class='ocrx_word' id='word_1_182' title='bbox 381 2860 455 2919; x_wconf 93' lang='lat' dir='ltr'>mori</span> <span class='ocrx_word' id='word_1_183' title='bbox 470 2791 554 2918; x_wconf 56' lang='lat' dir='ltr'>lglrllss</span> <span class='ocrx_word' id='word_1_184' title='bbox 568 2877 627 2917; x_wconf 91' lang='lat' dir='ltr'>una</span> <span class='ocrx_word' id='word_1_185' title='bbox 648 2858 701 2917; x_wconf 92' lang='lat' dir='ltr'>fuit</span> <span class='ocrx_word' id='word_1_186' title='bbox 721 2877 773 2935; x_wconf 92' lang='lat' dir='ltr'>per</span> <span class='ocrx_word' id='word_1_187' title='bbox 793 2859 891 2919; x_wconf 92' lang='lat' dir='ltr'>secula</span> <span class='ocrx_word' id='word_1_188' title='bbox 911 2861 1015 2919; x_wconf 91' lang='lat' dir='ltr'>mortis</span> 
     </span>
    </p>
   </div>
   <div class='ocr_carea' id='block_1_7' title="bbox 291 2956 1039 3135">
    <p class='ocr_par' dir='ltr' id='par_1_8' title="bbox 291 2956 1039 3135">
     <span class='ocr_line' id='line_1_26' title="bbox 291 2956 1030 3036; baseline -0.001 -20"><span class='ocrx_word' id='word_1_189' title='bbox 291 2958 374 3017; x_wconf 87' lang='lat' dir='ltr'>Alter</span> <span class='ocrx_word' id='word_1_190' title='bbox 393 2957 474 3036; x_wconf 90' lang='lat' dir='ltr'>quod</span> <span class='ocrx_word' id='word_1_191' title='bbox 494 2966 607 3034; x_wconf 89' lang='lat' dir='ltr'>raperet</span> <span class='ocrx_word' id='word_1_192' title='bbox 627 2956 719 3015; x_wconf 90' lang='lat' dir='ltr'>fatum</span> <span class='ocrx_word' id='word_1_193' title='bbox 740 2975 801 3016; x_wconf 90' lang='lat' dir='ltr'>non</span> <span class='ocrx_word' id='word_1_194' title='bbox 821 2958 936 3017; x_wconf 91' lang='lat' dir='ltr'>cederet</span> <span class='ocrx_word' id='word_1_195' title='bbox 957 2957 1030 3017; x_wconf 90' lang='lat' dir='ltr'>alter</span> 
     </span>
     <span class='ocr_line' id='line_1_27' title="bbox 293 3055 1039 3135; baseline 0.001 -21"><span class='ocrx_word' id='word_1_196' title='bbox 293 3056 332 3115; x_wconf 91' lang='lat' dir='ltr'>Et</span> <span class='ocrx_word' id='word_1_197' title='bbox 352 3055 412 3114; x_wconf 93' lang='lat' dir='ltr'>duo</span> <span class='ocrx_word' id='word_1_198' title='bbox 432 3056 483 3133; x_wconf 93' lang='lat' dir='ltr'>qui</span> <span class='ocrx_word' id='word_1_199' title='bbox 503 3066 624 3135; x_wconf 89' lang='lat' dir='ltr'>potuere</span> <span class='ocrx_word' id='word_1_200' title='bbox 646 3055 727 3132; x_wconf 89' lang='lat' dir='ltr'>sequi</span> <span class='ocrx_word' id='word_1_201' title='bbox 747 3056 796 3114; x_wconf 86' lang='lat' dir='ltr'>uix</span> <span class='ocrx_word' id='word_1_202' title='bbox 818 3057 907 3115; x_wconf 86' lang='lat' dir='ltr'>noxia</span> <span class='ocrx_word' id='word_1_203' title='bbox 927 3057 1039 3133; x_wconf 85' lang='lat' dir='ltr'>poenis.</span> 
     </span>
    </p>
   </div>
   <div class='ocr_carea' id='block_1_8' title="bbox 167 3168 1223 3935">
    <p class='ocr_par' dir='ltr' id='par_1_9' title="bbox 167 3168 1141 3247">
     <span class='ocr_line' id='line_1_28' title="bbox 167 3168 1141 3247; baseline 0.002 -16"><span class='ocrx_word' id='word_1_204' title='bbox 167 3173 242 3233; x_wconf 92' lang='lat' dir='ltr'>leuis</span> <span class='ocrx_word' id='word_1_205' title='bbox 258 3170 326 3230; x_wconf 87' lang='lat' dir='ltr'>Cus.</span> <span class='ocrx_word' id='word_1_206' title='bbox 340 3171 431 3230; x_wconf 85' lang='lat' dir='ltr'>olaus</span> <span class='ocrx_word' id='word_1_207' title='bbox 452 3170 582 3230; x_wconf 84' lang='lat' dir='ltr'>Vossiani</span> <span class='ocrx_word' id='word_1_208' title='bbox 591 3171 626 3228; x_wconf 91' lang='lat' dir='ltr'>lis</span> <span class='ocrx_word' id='word_1_209' title='bbox 640 3168 771 3245; x_wconf 73' lang='lat' dir='ltr'>Scaliger</span> <span class='ocrx_word' id='word_1_210' title='bbox 784 3189 857 3231; x_wconf 90' lang='lat' dir='ltr'>urna</span> <span class='ocrx_word' id='word_1_211' title='bbox 869 3172 909 3230; x_wconf 85' lang='lat' dir='ltr'>ed.</span> <span class='ocrx_word' id='word_1_212' title='bbox 924 3171 1032 3232; x_wconf 86' lang='lat' dir='ltr'>Molz&#39;n.</span> <span class='ocrx_word' id='word_1_213' title='bbox 1053 3186 1141 3247; x_wconf 88' lang='lat'>1551.</span> 
     </span>
    </p>

    <p class='ocr_par' dir='ltr' id='par_1_10' title="bbox 209 3269 512 3346">
     <span class='ocr_line' id='line_1_29' title="bbox 209 3269 512 3346; baseline 0 -17"><span class='ocrx_word' id='word_1_214' title='bbox 209 3290 240 3330; x_wconf 87' lang='lat' dir='ltr'>u.</span> <span class='ocrx_word' id='word_1_215' title='bbox 256 3273 315 3346; x_wconf 93' lang='lat'>586</span> <span class='ocrx_word' id='word_1_216' title='bbox 331 3270 372 3329; x_wconf 88' lang='lat' dir='ltr'>sic</span> <span class='ocrx_word' id='word_1_217' title='bbox 386 3269 512 3329; x_wconf 87' lang='lat' dir='ltr'>emendo</span> 
     </span>
    </p>

    <p class='ocr_par' dir='ltr' id='par_1_11' title="bbox 167 3356 1223 3935">
     <span class='ocr_line' id='line_1_30' title="bbox 210 3356 1222 3446; baseline -0.002 -18"><span class='ocrx_word' id='word_1_218' title='bbox 210 3370 251 3428; x_wconf 91' lang='lat' dir='ltr'>Et</span> <span class='ocrx_word' id='word_1_219' title='bbox 266 3369 325 3429; x_wconf 91' lang='lat' dir='ltr'>duo</span> <span class='ocrx_word' id='word_1_220' title='bbox 339 3368 390 3446; x_wconf 90' lang='lat' dir='ltr'>qui</span> <span class='ocrx_word' id='word_1_221' title='bbox 403 3356 523 3445; x_wconf 73' lang='lat' dir='ltr'>potueie</span> <span class='ocrx_word' id='word_1_222' title='bbox 538 3367 630 3445; x_wconf 88' lang='lat' dir='ltr'>sequi,</span> <span class='ocrx_word' id='word_1_223' title='bbox 642 3367 693 3425; x_wconf 86' lang='lat' dir='ltr'>uix</span> <span class='ocrx_word' id='word_1_224' title='bbox 707 3387 814 3426; x_wconf 84' lang='lat' dir='ltr'>noscere</span> <span class='ocrx_word' id='word_1_225' title='bbox 826 3378 940 3444; x_wconf 85' lang='lat' dir='ltr'>peenas.</span> <span class='ocrx_word' id='word_1_226' title='bbox 981 3367 1051 3429; x_wconf 92' lang='lat' dir='ltr'>Duo</span> <span class='ocrx_word' id='word_1_227' title='bbox 1066 3378 1147 3428; x_wconf 90' lang='lat' dir='ltr'>erant</span> <span class='ocrx_word' id='word_1_228' title='bbox 1162 3378 1222 3427; x_wconf 88' lang='lat' dir='ltr'>tam</span> 
     </span>
     <span class='ocr_line' id='line_1_31' title="bbox 167 3465 1221 3543; baseline -0.004 -16"><span class='ocrx_word' id='word_1_229' title='bbox 167 3467 257 3527; x_wconf 88' lang='lat' dir='ltr'>amici</span> <span class='ocrx_word' id='word_1_230' title='bbox 283 3468 357 3525; x_wconf 90' lang='lat' dir='ltr'>inter</span> <span class='ocrx_word' id='word_1_231' title='bbox 378 3484 409 3525; x_wconf 88' lang='lat' dir='ltr'>se</span> <span class='ocrx_word' id='word_1_232' title='bbox 430 3475 462 3524; x_wconf 94' lang='lat' dir='ltr'>ut</span> <span class='ocrx_word' id='word_1_233' title='bbox 486 3465 557 3525; x_wconf 86' lang='lat' dir='ltr'>alter</span> <span class='ocrx_word' id='word_1_234' title='bbox 578 3483 632 3542; x_wconf 91' lang='lat' dir='ltr'>pro</span> <span class='ocrx_word' id='word_1_235' title='bbox 654 3465 745 3525; x_wconf 90' lang='lat' dir='ltr'>altero</span> <span class='ocrx_word' id='word_1_236' title='bbox 767 3466 942 3543; x_wconf 91' lang='lat' dir='ltr'>supplicium</span> <span class='ocrx_word' id='word_1_237' title='bbox 964 3467 1094 3538; x_wconf 90' lang='lat' dir='ltr'>ambiret,</span> <span class='ocrx_word' id='word_1_238' title='bbox 1118 3484 1221 3542; x_wconf 90' lang='lat' dir='ltr'>parurn</span> 
     </span>
     <span class='ocr_line' id='line_1_32' title="bbox 169 3562 1221 3643; baseline -0.005 -16"><span class='ocrx_word' id='word_1_239' title='bbox 169 3585 278 3627; x_wconf 88' lang='lat' dir='ltr'>curans</span> <span class='ocrx_word' id='word_1_240' title='bbox 292 3582 424 3643; x_wconf 91' lang='lat' dir='ltr'>quonam</span> <span class='ocrx_word' id='word_1_241' title='bbox 437 3582 545 3640; x_wconf 89' lang='lat' dir='ltr'>genere</span> <span class='ocrx_word' id='word_1_242' title='bbox 559 3564 729 3641; x_wconf 89' lang='lat' dir='ltr'>plectendus</span> <span class='ocrx_word' id='word_1_243' title='bbox 743 3574 826 3623; x_wconf 90' lang='lat' dir='ltr'>esset.</span> <span class='ocrx_word' id='word_1_244' title='bbox 857 3562 948 3641; x_wconf 83' lang='lat' dir='ltr'>Sequi</span> <span class='ocrx_word' id='word_1_245' title='bbox 957 3565 1005 3624; x_wconf 93' lang='lat' dir='ltr'>hic</span> <span class='ocrx_word' id='word_1_246' title='bbox 1021 3573 1064 3624; x_wconf 91' lang='lat' dir='ltr'>est</span> <span class='ocrx_word' id='word_1_247' title='bbox 1076 3564 1221 3623; x_wconf 89' lang='lat' dir='ltr'>adfectare</span> 
     </span>
     <span class='ocr_line' id='line_1_33' title="bbox 170 3661 1222 3741; baseline -0.004 -16"><span class='ocrx_word' id='word_1_248' title='bbox 170 3666 219 3725; x_wconf 90' lang='lat' dir='ltr'>uel</span> <span class='ocrx_word' id='word_1_249' title='bbox 238 3665 314 3725; x_wconf 92' lang='lat' dir='ltr'>ultro</span> <span class='ocrx_word' id='word_1_250' title='bbox 332 3674 439 3741; x_wconf 86' lang='lat' dir='ltr'>petere.</span> <span class='ocrx_word' id='word_1_251' title='bbox 480 3662 629 3723; x_wconf 91' lang='lat' dir='ltr'>Diodorus</span> <span class='ocrx_word' id='word_1_252' title='bbox 650 3681 677 3721; x_wconf 87' lang='lat' dir='ltr'>x.</span> <span class='ocrx_word' id='word_1_253' title='bbox 697 3681 714 3734; x_wconf 86' lang='lat'>4</span> <span class='ocrx_word' id='word_1_254' title='bbox 732 3661 770 3720; x_wconf 93' lang='lat' dir='ltr'>de</span> <span class='ocrx_word' id='word_1_255' title='bbox 789 3662 926 3723; x_wconf 92' lang='lat' dir='ltr'>Damone</span> <span class='ocrx_word' id='word_1_256' title='bbox 946 3663 1079 3740; x_wconf 92' lang='lat' dir='ltr'>loquens,</span> <span class='ocrx_word' id='word_1_257' title='bbox 1094 3663 1145 3739; x_wconf 92' lang='lat' dir='ltr'>qui</span> <span class='ocrx_word' id='word_1_258' title='bbox 1166 3680 1222 3738; x_wconf 92' lang='lat' dir='ltr'>pro</span> 
     </span>
     <span class='ocr_line' id='line_1_34' title="bbox 170 3758 1223 3842; baseline -0.004 -17"><span class='ocrx_word' id='word_1_259' title='bbox 170 3763 269 3825; x_wconf 89' lang='lat' dir='ltr'>amico</span> <span class='ocrx_word' id='word_1_260' title='bbox 294 3762 409 3822; x_wconf 89' lang='lat' dir='ltr'>Phintia</span> <span class='ocrx_word' id='word_1_261' title='bbox 433 3779 607 3839; x_wconf 90' lang='lat' dir='ltr'>sponsorem</span> <span class='ocrx_word' id='word_1_262' title='bbox 628 3778 659 3819; x_wconf 91' lang='lat' dir='ltr'>se</span> <span class='ocrx_word' id='word_1_263' title='bbox 681 3762 783 3819; x_wconf 90' lang='lat' dir='ltr'>mortis</span> <span class='ocrx_word' id='word_1_264' title='bbox 805 3758 941 3840; x_wconf 75' lang='grc' dir='ltr'>(ἐγγυητὴν</span> <span class='ocrx_word' id='word_1_265' title='bbox 959 3767 1006 3818; x_wconf 75' lang='grc' dir='ltr'>τοῦ</span> <span class='ocrx_word' id='word_1_266' title='bbox 1027 3761 1148 3842; x_wconf 77' lang='grc' dir='ltr'>θανάτου)</span> <span class='ocrx_word' id='word_1_267' title='bbox 1169 3763 1223 3821; x_wconf 94' lang='lat' dir='ltr'>ob·</span> 
     </span>
     <span class='ocr_line' id='line_1_35' title="bbox 171 3861 1059 3935; baseline -0.005 -12"><span class='ocrx_word' id='word_1_268' title='bbox 171 3865 283 3934; x_wconf 77' lang='lat' dir='ltr'>tulerat,</span> <span class='ocrx_word' id='word_1_269' title='bbox 298 3862 366 3922; x_wconf 84' lang='lat' dir='ltr'>dicit</span> <span class='ocrx_word' id='word_1_270' title='bbox 381 3862 409 3920; x_wconf 79' lang='grc' dir='ltr'>ὃς</span> <span class='ocrx_word' id='word_1_271' title='bbox 422 3863 480 3919; x_wconf 71' lang='grc' dir='ltr'>οὐδὲ</span> <span class='ocrx_word' id='word_1_272' title='bbox 495 3863 619 3920; x_wconf 73' lang='grc' dir='ltr'>διστάσας</span> <span class='ocrx_word' id='word_1_273' title='bbox 634 3861 725 3934; x_wconf 74' lang='grc' dir='ltr'>ἔγγυος</span> <span class='ocrx_word' id='word_1_274' title='bbox 739 3861 814 3920; x_wconf 76' lang='grc' dir='ltr'>εὐθὺς</span> <span class='ocrx_word' id='word_1_275' title='bbox 829 3861 932 3935; x_wconf 71' lang='grc' dir='ltr'>ἐγενήθη</span> <span class='ocrx_word' id='word_1_276' title='bbox 943 3863 1059 3920; x_wconf 78' lang='grc' dir='ltr'>θανάτου.</span> 
     </span>
    </p>
   </div>
   <div class='ocr_carea' id='block_1_9' title="bbox 0 0 1398 4448">
    <p class='ocr_par' dir='ltr' id='par_1_12' title="bbox 0 0 1398 4448">
     <span class='ocr_line' id='line_1_36' title="bbox 0 0 1398 4448; baseline 0 0"><span class='ocrx_word' id='word_1_277' title='bbox 0 0 1398 4448; x_wconf 95' lang='lat' dir='ltr'> </span> 
     </span>
    </p>
   </div>
  </div>
 </body>
</html>
