2760 4448
164 276 226 358 238
449 283 503 333 AD
525 282 681 333 ARATEA
708 282 927 334 oarmnmcr
1010 257 1014 267 '

205 463 261 524 35²
287 446 371 505 Haec
393 445 480 505 micat
501 447 531 504 in
552 445 642 518 cael0,
664 446 745 504 lateri
767 463 828 504 non
849 443 973 523 amplior
993 455 1074 505 actus

285 545 384 618 Quam
405 545 497 622 surgit
517 544 620 615 malus,

162 651 241 704 acius
251 643 337 702 Basil.
348 653 377 703 et
387 642 535 716 Arundel,
546 651 611 703 actu
625 642 782 714 Parisinus,
793 647 877 700 aucta
888 640 1043 702 Bernensis
1058 642 1214 721 Breysigii,

162 742 368 802 Baehrensiani
396 751 455 801 tres
482 739 547 820 (Z).
602 741 683 801 Hinc
712 747 812 799 auctus
840 742 877 800 ab
902 739 1021 813 Orelli0,
1049 760 1121 802 mox
1150 744 1215 802 aliis

161 841 271 900 editum
281 860 288 912 ;
314 840 386 899 mihi
405 839 629 917 praeferendum
649 840 762 899 uidetur
781 846 868 911 actus,
888 858 923 899 ea
942 840 1155 916 significatione
1176 842 1215 902 de

162 959 220 1018 qua
234 941 294 999 dixi
309 939 347 997 ad
361 938 463 998 Manil.
480 939 516 998 iii.
532 957 600 1012 410.

204 1052 264 1112 405
286 1039 374 1097 Tunc
394 1037 465 1096 mihi
487 1039 656 1101 †siccentur
677 1037 830 1096 substricto
851 1055 962 1096 cornua
982 1037 1049 1096 uelo

284 1137 323 1195 Et
344 1136 428 1213 rigidi
449 1137 583 1195 emittant
604 1135 689 1194 flatus
709 1154 764 1212 per
784 1137 872 1194 inane
892 1135 1038 1207 rudentes,

161 1232 317 1308 spissantur
338 1229 457 1289 Grotius
479 1240 581 1290 contra
603 1239 746 1289 metrum:
776 1247 834 1305 ego
858 1231 1004 1305 signentur
1025 1230 1214 1290 scribendum

162 1339 251 1407 put03
272 1348 343 1388 nam
356 1329 515 1389 substrictis
535 1329 608 1387 uelis
628 1346 738 1388 cornua
757 1338 950 1388 antennarum
968 1329 1115 1388 nudantur
1133 1340 1164 1390 et
1185 1332 1215 1389 in

162 1439 355 1505 conspectum
369 1427 474 1487 clarius
488 1427 641 1504 prodeunt.

204 1546 260 1600 421
285 1526 345 1585 Hic
365 1526 418 1585 erit
439 1526 486 1584 ille
506 1526 572 1603 pius
593 1524 705 1584 Chiron
726 1525 913 1588 †tutissimus
935 1544 1039 1584 omnes

285 1624 365 1683 Inter
384 1625 548 1701 nubigenas
569 1634 597 1683 et
618 1623 718 1701 magni
739 1623 843 1682 doctor
863 1623 994 1696 Achillis,

161 1725 331 1782 mabuinus
345 1722 483 1783 Grotius:
508 1725 672 1781 mzizrsz'mus
691 1741 748 1800 ego
767 1722 838 1781 olim
855 1721 936 1780 Diar.
953 1722 1055 1781 Philol.
1071 1722 1211 1786 Cantabr.

162 1823 208 1882 vii.
223 1841 253 1899 p.
270 1824 345 1895 256:
367 1839 445 1881 nunc
460 1821 590 1898 intelligo
609 1820 689 1879 idem
703 1821 847 1897 placuisse
864 1819 1044 1880 Burmanno.

203 1940 262 1996 449
285 1919 349 1978 Nec
369 1938 422 1997 par
442 1930 486 1978 est
508 1920 563 1979 illis
585 1920 731 1997 spatium:
763 1919 824 1978 duo
843 1937 972 1997 namque
992 1919 1121 1978 feruntur

283 2018 363 2076 Inter
384 2037 415 2077 se
435 2018 590 2095 aequales:
627 2018 686 2077 duo
706 2035 832 2094 quorum
853 2027 898 2076 est
918 2017 1047 2078 maxima
1066 2019 1172 2094 forma,

282 2117 322 2175 Et
342 2116 463 2176 totidem
484 2117 559 2176 inter
579 2135 611 2176 se
632 2117 786 2193 praedictis
807 2124 875 2175 ante
896 2116 1031 2175 minores.

203 2216 338 2276 Circulos
357 2215 425 2274 dicit
443 2215 588 2285 caelestes
603 2224 632 2274 et
651 2215 758 2273 horum
777 2214 978 2274 dimensiones
995 2215 1070 2274 inter
1084 2234 1116 2275 se
1130 2225 1213 2278 e'om·

162 2325 252 2391 parat.
293 2313 414 2372 Dixerat
428 2313 536 2372 Aratus
551 2317 610 2386 468
631 2315 696 2388 ἀτὰρ
714 2315 799 2390 μέτρῳ
818 2337 849 2387 γε
868 2313 919 2370 δύο
936 2316 1012 2372 δυσὶν
1024 2316 1213 2389 ἀναφέρονται,

161 2423 189 2472 et
204 2431 301 2471 rursus
317 2425 354 2485 47
359 2415 387 2478 8,
404 2426 463 2487 479
481 2415 555 2468 τὰδὲ
569 2413 649 2487 με’τρα
663 2416 737 2469 τόσοι
755 2411 874 2485 πισῦρων
886 2436 936 2485 περ
950 2415 1042 2470 ἐόντων
1056 2419 1089 2470 Οἱ
1103 2414 1158 2486 δύο,
1174 2419 1214 2472 τοὶ

161 2513 194 2567 δέ
212 2516 303 2585 σφεων
318 2513 385 2585 μέγα
404 2509 502 2582 μείονες
521 2513 689 2584 εἱλίσσονται,
708 2510 758 2569 ubi
780 2509 935 2569 scholiasta
955 2516 991 2586 τῷ
1011 2514 1042 2583 δὴ
1060 2516 1174 2586 γαλαξίᾳ
1189 2517 1213 2570 oi

162 2609 207 2666 δύο
228 2616 279 2665 τῶν
292 2611 428 2684 εἷρημένων
444 2613 580 2683 τεσσάρων
596 2611 724 2684 ἷσόμοιροι
745 2610 819 2680 εἰσίν,
835 2608 851 2664 ὅ
870 2632 899 2664 τε
921 2612 1040 2684 ζῳδιακὸς
1060 2613 1101 2666 καὶ
1119 2615 1135 2666 ὁ
1154 2615 1212 2684 ἰση-

160 2713 269 2781 μερινός·
288 2711 328 2764 καὶ
347 2711 398 2782 γὰρ
420 2711 461 2763 καὶ
481 2709 552 2764 οὗτοι
572 2710 699 2782 μέγιστοι,
714 2710 739 2763 oi
760 2709 787 2763 δὲ
809 2709 896 2764 λοιποὶ
915 2707 1007 2764 τοῦτον
1027 2712 1165 2781 peiorem?
1184 2736 1213 2768 τε

161 2807 304 2879 χειμερινὸς
326 2809 366 2861 καὶ
390 2807 488 2879 θερινὸς
512 2809 641 2880 τροπικός.
690 2805 773 2882 Ergo
797 2805 983 2864 retinendum
1007 2816 1069 2865 erat
1092 2809 1167 2866 t'nler
1186 2830 1214 2868 se

161 2904 188 2962 h.
200 2924 224 2963 e.
240 2905 263 2961 si
277 2904 352 2961 inter
367 2921 396 2961 se
411 2913 634 2979 comparentur;
657 2921 751 2980 neque
767 2903 796 2961 id
810 2904 872 2962 sine
889 2922 977 2962 causa
991 2905 1132 2978 additum,
1142 2927 1213 2967 cum

161 3012 193 3061 ut
207 3001 316 3078 priores
331 3000 398 3071 duo,
409 3002 432 3060 si
447 3002 521 3060 inter
533 3020 563 3060 se
579 3012 791 3078 comparentur,
801 3001 937 3078 aequales
952 3014 1061 3062 suntet
1075 3006 1212 3081 maiores,

161 3100 202 3159 sic
232 3099 333 3176 reliqui
361 3099 420 3158 duo
447 3118 484 3157 ex
512 3101 617 3158 eadem
646 3101 865 3176 comparatione
893 3102 979 3178 aequi
1007 3102 1059 3160 sed
1083 3105 1214 3164 minores

161 3199 354 3257 inueniuntur.
410 3197 512 3275 Itaque
541 3197 714 3257 Grotianum
743 3200 851 3256 totz'a'em
879 3218 996 3258 rursum
1024 3199 1112 3260 debet
1144 3203 1215 3263 ioco

162 3297 274 3358 cedere.

204 3415 263 3471 499
286 3394 337 3455 Bis
358 3394 433 3452 redit
453 3393 526 3453 haec
549 3393 636 3453 iacies
657 3395 761 3454 librato
782 3394 876 3476 sidere
896 3395 1007 3468 mundi,

285 3493 361 3552 Cum
382 3511 433 3551 uer
455 3492 612 3551 secundum
633 3494 731 3571 surgit,
752 3512 820 3552 cum
842 3493 938 3552 deficit
958 3503 1061 3553 aestas.

204 3590 322 3667 Optime
343 3591 459 3649 codices
479 3592 584 3661 mundi,
599 3610 639 3650 sc.
654 3591 752 3650 facies
796 3591 888 3650 ‘This
909 3610 1090 3669 appearance
1110 3594 1146 3654 of
1164 3597 1214 3655 the

161 3690 287 3748 heavens
304 3699 415 3748 returns
433 3689 525 3760 twice,
540 3687 625 3747 when
643 3689 691 3748 the
710 3708 765 3748 sun
782 3691 807 3748 is
824 3690 967 3749 balanced
986 3691 1103 3767 evenly'
1118 3702 1148 3751 at
1164 3695 1214 3755 the

162 3789 332 3864 equinoxes
375 3787 420 3844 Ea
441 3787 531 3847 facies
552 3787 623 3845 caeli
645 3806 720 3865 quae
742 3789 786 3861 sit,
809 3789 876 3847 dicit
898 3770 960 3863 ipse
984 3803 1051 3866 497,
1069 3794 1128 3866 498
1151 3814 1215 3852 cum

161 3887 288 3945 Phoebus
302 3884 421 3942 Dz'urllz't
432 3887 546 3961 aequali
556 3889 646 3961 spotti)
660 3893 814 3962 noctemque
827 3889 955 3964 diemque.
