2760 4448
683 180 703 229 J
1199 182 1216 250 7

169 352 314 432 Explicat
327 360 359 427 et,
374 353 517 432 Explicat
533 363 571 427 ut,
586 354 723 432 Explicet
735 363 773 416 ut.
817 355 875 415 Sed
897 374 965 416 cum
983 363 1016 415 ert
1031 357 1062 416 in
1081 357 1217 417 omnibus

171 450 250 513 MSS
271 464 386 531 praeter
408 455 523 514 Gembl.
544 463 630 525 extet,
652 473 689 513 ne
712 454 932 514 Gemblacensis
954 455 1071 533 quidem
1092 462 1120 513 et
1139 466 1217 516 certo

168 561 293 629 praestet
308 550 390 631 (nam
407 559 435 611 ct
451 553 550 630 potius
568 565 612 612 est
629 554 724 611 uisum
739 551 926 632 Thomasio),
942 554 1015 612 inter
1029 552 1166 632 Explicet
1177 562 1217 627 ut,

167 650 313 726 Explicat
334 659 367 710 ut
390 651 607 710 diiudicandum
629 651 688 710 erit.
740 652 804 710 Iam
826 653 850 710 si
870 654 991 729 explicet
1009 659 1042 710 ut
1061 654 1218 729 scripseris,

166 749 324 826 fingendus
344 750 398 809 erit
415 749 586 826 Ophiuchus
602 753 741 826 Anguem
762 760 830 826 post
850 761 933 827 terga
953 769 1006 809 sua
1026 751 1217 811 conuolutum
1299 816 1303 828 ,

167 848 318 924 respicere,
340 858 371 907 ut
392 849 487 906 nodos
508 849 658 924 spirasque
679 849 813 906 manibus
834 848 968 908 adhibitis
989 849 1122 925 explicet.
1165 849 1216 908 Sin

167 946 292 1021 explicat
310 952 343 1003 ut
359 946 535 1022 praetuleris
550 946 580 1003 in
596 945 686 1004 dubio
700 946 754 1004 erit
768 933 906 1022 urgentem
921 947 958 1005 ad
977 949 1103 1023 explicat
1121 966 1158 1006 an
1178 948 1217 1007 ad

166 1043 296 1120 Respicit
307 1044 381 1101 trahi
395 1045 518 1103 debeat:
540 1043 621 1120 quod
635 1063 703 1103 cum
716 1045 875 1103 uiteturum
888 1056 1007 1121 poetam
1021 1045 1108 1105 fuisse
1123 1047 1216 1106 credi·

167 1142 224 1200 bile
235 1143 280 1214 sit,
291 1142 425 1219 equidem
437 1143 563 1219 priorem
578 1152 607 1200 et
617 1142 772 1202 lectionem
787 1153 815 1202 et
830 1143 1057 1218 explicationem
1072 1143 1214 1220 praefero.

167 1238 241 1299 Mox
255 1241 286 1299 in
302 1256 360 1316 335
381 1240 426 1299 Et
438 1242 511 1298 dedit
528 1250 577 1298 aut
598 1239 735 1316 Expedit,
758 1250 792 1325 ut
813 1240 959 1318 Scaligero
977 1243 1074 1300 uisum
1094 1252 1146 1314 est,
1166 1253 1216 1303 aut

165 1338 292 1397 Exserit
303 1349 417 1416 poterat
427 1357 490 1397 esse
499 1357 507 1411 ;
529 1339 588 1399 h.e.
605 1339 702 1398 ‘reicit
720 1358 757 1398 ex
774 1357 805 1398 se
822 1339 1025 1417 explicantem,
1040 1340 1164 1419 liberum
1184 1342 1215 1404 se

166 1436 233 1495 iacit
247 1437 410 1513 explicante
426 1428 584 1513 Ophiucho
593 1436 613 1496 'z
642 1437 890 1514 quemadmodum
905 1439 1019 1496 erhcule
1032 1458 1160 1498 exserere
1172 1450 1216 1499 est

166 1534 246 1610 apud
263 1535 377 1595 Colum.
391 1535 446 1592 viii.
462 1537 488 1594 8.

208 1633 345 1693 Ceterum
359 1652 387 1690 u.
404 1653 459 1708 331
480 1633 504 1692 si
518 1651 620 1692 uerum
635 1644 678 1692 est
691 1635 781 1692 dictus
795 1633 875 1710 quod
889 1634 1036 1694 Bentleius
1055 1655 1108 1712 pro
1122 1639 1215 1712 segnis

166 1730 263 1802 edidit,
285 1733 398 1807 magnis
418 1731 448 1788 in
469 1730 594 1806 Magnes
614 1731 787 1802 reduxerim,
809 1733 846 1791 de
867 1732 979 1809 Triopa
1000 1733 1049 1792 illo
1070 1733 1215 1793 Thessalo

166 1831 358 1906 interpretans
372 1847 461 1907 quem
482 1830 612 1889 nonnulli
634 1829 809 1907 Ophiuchon
823 1849 887 1890 esse
901 1831 1044 1903 dixerunt,
1060 1833 1170 1910 Hygin.
1180 1832 1212 1891 P.

166 1928 203 1987 A.
218 1928 245 1988 ii.
264 1948 309 2001 14.
1204 1932 1206 1935 ’

207 2026 309 2105 Itaque
324 2038 401 2087 totus
414 2027 496 2085 locus
511 2026 552 2085 sic
566 2027 678 2099 euadet‚

289 2127 458 2203 Serpentem
480 2124 600 2200 Magnes
621 2125 793 2202 Ophiuchus
814 2127 933 2186 nomine
954 2129 1048 2187 dictes

286 2225 406 2296 Diuidit‚
427 2233 456 2283 et
476 2224 536 2282 iam
557 2234 619 2284 toto
639 2235 792 2301 urgentem
814 2243 937 2301 corpore
958 2245 1072 2302 corpus,

286 2324 420 2400 Explicet
441 2334 472 2382 ut
493 2322 588 2382 nodos
609 2324 780 2400 sinuataque
801 2334 881 2400 terga
901 2342 953 2401 per
975 2326 1070 2396 orbes,

288 2423 435 2500 Respicit:
459 2421 506 2480 ille
527 2431 627 2481 tamen
647 2424 728 2481 tereti
749 2423 863 2482 ceruice
885 2423 1009 2482 reflexus

285 2522 410 2591 Exserit,
431 2520 528 2579 effusis
549 2540 601 2597 per
622 2521 687 2579 laxa
709 2521 858 2580 uolumina
878 2521 990 2596 palmis.

205 2620 229 2680 1.
245 2634 384 2697 351-354
400 2619 441 2678 sic
456 2618 554 2694 scripti
569 2620 681 2678 suntin
696 2619 812 2678 Gembl.
828 2631 857 2677 et
871 2618 944 2678 Cus.

616 2719 745 2777 succedit
766 2719 867 2795 iniquo

286 2817 406 2879 Diuisus
427 2821 521 2896 spatio
542 2817 623 2897 quod
644 2819 725 2876 tertia
746 2817 882 2893 lampada
904 2816 1001 2894 dispar

285 2917 470 2994 Conspicitur
490 2919 609 2994 paribus
631 2915 759 2976 deltoton
780 2917 899 2974 nomine
921 2916 1000 2974 sidus

284 3015 331 3073 Ex
352 3016 436 3075 simili
457 3018 575 3077 dictum.
863 3018 866 3025 ’

205 3131 262 3191 352
285 3114 420 3187 Diuisum
440 3116 456 3174 b
477 3115 613 3174 Diuisum
627 3112 755 3188 Regiorn.
781 3113 917 3190 lampade
940 3107 1026 3171 Voss.²
1041 3121 1124 3170 terna
1138 3109 1211 3167 lam-

162 3215 239 3292 pade
253 3215 291 3273 ed.
306 3212 441 3273 Romana
454 3235 481 3273 e.
500 3231 577 3289 1510
590 3213 666 3271 linea
680 3212 831 3270 Bentleius.

203 3311 274 3371 Non
298 3314 461 3390 spernenda
481 3323 525 3372 est
544 3312 630 3372 lectio
651 3311 696 3370 ed.
719 3309 873 3368 Romanae
893 3310 968 3384 qued
985 3316 1065 3366 terna
1085 3308 1213 3383 lampade

161 3411 261 3486 disper
284 3411 463 3488 Conspicitur
475 3412 606 3489 peribus,
628 3410 778 3470 obscurior
798 3409 846 3466 illa
866 3409 994 3484 quidem,
1017 3406 1069 3466 sed
1089 3405 1211 3464 sortasse

162 3527 223 3568 non
237 3508 395 3569 abhorrens
409 3529 427 3568 a
442 3509 573 3569 Manilio.
615 3508 755 3568 Deltoton
769 3526 805 3566 ex
820 3517 842 3562 Δ
858 3508 918 3565 siue
937 3504 1078 3581 triangulo
1092 3503 1211 3575 dictum,

162 3607 264 3684 aequis
284 3607 420 3668 lateribus
440 3609 563 3680 duobus,
578 3626 638 3667 uno
652 3608 784 3666 breuiore
799 3615 843 3664 est
857 3605 981 3683 (Hygin.
996 3604 1028 3662 P.
1044 3603 1081 3660 A.
1096 3602 1134 3659 iii.
1151 3601 1210 3681 18).

161 3705 265 3781 Itaque
290 3725 348 3764 une
374 3706 509 3784 lampade
528 3705 626 3783 dispar
645 3716 688 3764 est
704 3705 821 3782 paribus
839 3699 1210 3780 duebeslterne=1÷2).

161 3805 239 3864 Arat.
256 3822 314 3880 234
330 3807 359 3862 τὸ
373 3805 396 3863 δ’
407 3807 449 3864 e‘rri
463 3809 548 3880 τρισὶν
561 3807 716 3878 ἐστάθμηται
727 3803 862 3861 Δέλτωτον
875 3806 1025 3876 πλευρῇσιν,
1037 3802 1212 3872 ῖσαιομένῃσιν
