2760 4448
241 296 303 366 152
554 290 703 342 NOCTES
722 288 972 339 MANILIANAE

239 463 400 536 excidisse;
421 461 539 538 lepidam
553 459 584 518 in
598 458 726 535 tepidam,
740 458 825 515 tz'rras
839 457 869 515 in
885 455 989 527 Simas,
1004 453 1074 515 iliud
1088 466 1118 515 ut
1133 440 1290 528 Bentleius

239 562 296 623 hoc
310 571 342 619 ut
357 578 422 637 eg0,
439 559 572 634 corrigit:
595 556 745 633 Aquarius
759 574 820 615 non
834 564 933 615 mutat.

281 660 425 719 Breiterus
439 676 488 716 uu.
506 659 573 732 798,
592 669 650 731 799
665 656 705 714 sic
720 655 820 713 scribit

362 754 533 829 Aegyptum
555 750 593 809 ad
613 750 740 826 tepidam
763 748 866 825 Tyrias
888 747 1042 825 Syriasque
1063 747 1174 826 recepit

362 851 401 910 Et
423 850 546 909 Cilicum
569 848 663 924 gentis
683 848 778 907 uicina
798 857 827 906 et
848 846 995 923 Aquarius
1016 865 1093 904 arua.

240 951 342 1010 Vnum
357 950 434 1008 addo
454 947 534 1025 quod
552 947 809 1024 praetermiseram.
846 946 925 1003 Actu
944 963 1003 1022 qua
1022 944 1235 1021 significatione
1256 945 1294 1004 sit

241 1051 369 1128 positum
389 1047 516 1107 ostendit
530 1044 636 1103 Paulus
651 1045 728 1103 Festi
745 1064 774 1121 p.
792 1059 827 1119 17
847 1062 870 1103 s
885 1062 913 1102 u.
927 1044 1054 1114 Actuasi,
1075 1041 1178 1121 (Actus
1199 1046 1292 1120 signi-

232 1144 319 1228 ficat)
337 1148 414 1204 mado
431 1152 531 1203 matum
549 1145 674 1218 carparis
690 1150 722 1200 ut
734 1144 902 1200 histrionum
920 1149 946 1200 et
961 1145 1128 1200 saltatorum
1143 1145 1197 1218 qui
1207 1144 1293 1200 ettam

240 1266 279 1306 ex
293 1248 342 1305 trac
356 1247 414 1321 ipsa
430 1243 539 1301 actuosi
552 1243 693 1299 dr'cuntur.
737 1240 823 1301 Ouid.
840 1241 968 1300 Halieut.
986 1254 1032 1315 71,
1054 1261 1068 1298 2
1091 1241 1209 1301 Celsaue
1228 1261 1293 1299 cum

240 1364 317 1403 caesa
345 1345 511 1401 decorantur
538 1347 619 1416 terga
643 1342 716 1397 leone
744 1335 837 1418 (equi)
867 1337 957 1411 Οιιαηι
982 1341 1106 1398 tumidus
1136 1347 1295 1416 quantaque

242 1445 317 1502 uenit
345 1441 501 1517 spectabitis
528 1445 600 1497 actu.
651 1438 754 1514 Itaque
785 1438 859 1495 nuda
886 1445 952 1495 actu
979 1436 1049 1498 dicit
1077 1449 1191 1497 motum
1220 1440 1294 1498 nudi

241 1535 395 1620 corporis]

283 1638 336 1699 IV.
353 1642 408 1696 801
427 1655 491 1714 sqq.
506 1636 547 1694 sic
561 1645 659 1694 extant
673 1635 703 1692 in
717 1632 834 1693 Gembl.

366 1735 497 1795 Piscibus
518 1731 640 1793 eufrates
661 1733 744 1792 datus
764 1744 809 1792 est
829 1734 879 1792 ubi
899 1734 988 1811 piscis
1009 1745 1131 1813 uruptor

366 1898 442 1958 Cum
463 1897 575 1972 fugeret
596 1846 707 1973 t¹ph0na
729 1914 822 1956 uenus
844 1898 973 1957 subsedit
994 1899 1024 1957 in
1046 1901 1141 1972 undis,

242 2016 337 2095 pisces
358 2011 445 2074 Voss?
465 2022 586 2089 uruptor
603 2011 669 2070 Cus.
692 2010 778 2070 Voss.i
799 2012 923 2090 irruptos
944 2014 1029 2075 Vass.¹
1059 2017 1139 2093 pisce
1154 2018 1210 2076 sub
1228 2028 1298 2079 atro

250 2114 362 2175 Vossius
376 2113 456 2188 pisce
470 2112 523 2170 sub
538 2110 612 2168 hirto
627 2109 745 2168 Iacobus
759 2110 839 2187 pisce
854 2114 975 2172 suborto
989 2134 1045 2190 ega.

293 2211 404 2288 Hygin.
426 2208 460 2269 P.
483 2209 519 2267 A.
538 2208 565 2265 ii.
589 2226 627 2282 30
652 2207 791 2284 Dragenes
815 2208 995 2286 Erythraeus
1019 2213 1063 2270 ait
1085 2212 1205 2289 quadam
1226 2221 1298 2272 tem·

235 2322 306 2388 pore
324 2309 447 2368 Venerem
462 2326 523 2364 cum
544 2305 682 2382 Cupidine
687 2308 754 2383 filia
770 2309 802 2365 in
816 2306 933 2384 Syriam
947 2311 1099 2387 adflunren
1114 2311 1297 2387 Euphratem

242 2410 355 2477 uenisse,
377 2413 403 2465 et
424 2407 510 2464 eadem
536 2407 591 2462 laco
615 2411 721 2481 repente
746 2404 878 2481 &phana
895 2409 1019 2483 giganta
1117 2413 1296 2486 apparuisse.

251 2507 376 2566 Venerem
398 2511 487 2563 autem
507 2523 568 2561 cunr
580 2503 646 2579 filio
663 2505 693 2560 in
703 2504 813 2582 flumen
835 2524 862 2562 se
879 2508 1037 2581 proiecisse,
1060 2515 1087 2565 et
1106 2508 1149 2566 ibi
1158 2509 1298 2585 figuram

237 2607 360 2683 piscium
367 2605 473 2681 farma
492 2609 632 2661 mutasse:
653 2621 706 2677 qna
715 2603 809 2679 facta,
822 2606 950 2679 pericula
970 2625 1025 2663 esse
1044 2607 1181 2664 lr'beratas.
1225 2607 1299 2680 Qua

244 2722 313 2763 curn
334 2702 498 2761 narratione
520 2701 592 2759 mire
618 2701 752 2777 congruit
777 2713 907 2760 nostrum
932 2703 1140 2775 sabomacum
1165 2705 1196 2763 in
1221 2706 1298 2765 deae

245 2801 366 2877 figuram
381 2799 550 2858 successerit
567 2799 653 2874 piscis
670 2799 780 2859 forma:
804 2818 872 2858 nam
891 2802 1074 2861 suboriuntur
1094 2822 1170 2881 quae
1192 2816 1244 2863 aut
1266 2825 1298 2864 se

243 2901 308 2977 ipsa
321 2907 463 2957 renouant
473 2909 521 2956 aut
533 2897 561 2955 in
574 2896 672 2956 locum
686 2898 747 2957 eius
759 2899 837 2975 quod
848 2898 900 2959 fuit
912 2901 1078 2960 succedunt.
1101 2901 1147 2962 Cf.
1156 2902 1213 2962 ΙΙΙ.
1224 2907 1297 2978 508.

286 2997 338 3057 IV.
355 2999 411 3054 821
429 3015 492 3073 sqq.
508 2996 549 3054 sic
563 3005 663 3067 extant
677 2996 706 3053 in
721 2996 836 3055 Gembl.

370 3094 484 3153 Scilicet
506 3095 640 3153 inmenso
661 3094 730 3154 nihil
752 3105 795 3154 est
816 3096 937 3172 aequale
959 3098 1013 3156 sub
1035 3117 1109 3158 aeuo

368 3193 585 3269 Perpetuosque
607 3202 685 3252 tenet
706 3193 792 3253 flores
814 3211 963 3272 unumque
984 3206 1116 3255 tenorem

368 3291 521 3349 Mutantur
542 3290 594 3350 sed
617 3301 722 3350 cuncta
744 3292 793 3350 diu
814 3293 984 3370 uariantque
1005 3313 1056 3370 per
1077 3313 1172 3355 annos

368 3390 407 3448 Et
427 3389 553 3448 fecunda
575 3389 634 3448 suis
656 3390 814 3449 subsistunt
835 3389 964 3468 frugibus
986 3411 1056 3452 arua

369 3488 589 3564 Continuosque
611 3497 718 3563 negant
740 3497 839 3564 partus
860 3489 945 3548 effeta
966 3491 1103 3549 creand0.

291 3589 349 3662 823
378 3585 428 3646 diu
456 3586 531 3644 codd.
563 3586 609 3644 dic
641 3584 802 3645 Granamns
839 3587 984 3646 Obseruat.
1012 3589 1030 3646 i.
1062 3608 1076 3647 2
1106 3591 1299 3667 adstipulante

247 3684 379 3743 Bentleia.
422 3683 498 3742 Idem
519 3685 600 3741 etr‘am
629 3683 771 3762 Wr'ttrafius
792 3687 951 3744 adnotarat.
1002 3690 1059 3760 824
1084 3686 1147 3747 Nec
1171 3688 1298 3748 Huetins

246 3782 304 3842 Et.
318 3783 496 3842 ..absistunt
510 3782 659 3840 Bentlerus.
710 3789 768 3858 825
792 3789 917 3862 ‘negant
930 3805 969 3845 ex
984 3795 1070 3863 negat
1085 3787 1157 3845 inter
1170 3788 1298 3847 scriben·
1351 3829 1357 3842 .

247 3883 311 3939 dum
315 3883 392 3960 serit
396 3893 446 3961 pr.
462 3881 505 3940 m.’
523 3880 554 3940 T
548 3883 693 3942 hortensius.
