2760 4448
658 293 694 344 II
826 318 828 323 ⁸
1061 217 1063 221 Ι
1163 294 1204 366 75

163 453 232 510 meri
258 453 401 512 aduertere
421 453 519 528 coeptr‘s
543 451 651 510 Aurem
679 452 818 528 oculosque
833 457 920 528 poter,
945 469 1029 510 ueras
1049 455 1077 509 et
1094 452 1205 530 percipe

162 569 248 609 uoces.

205 648 245 708 H.
260 664 328 725 935,
343 651 361 708 6
382 649 425 709 sic
438 658 537 709 extant
550 649 580 708 in
594 647 711 708 Gembl.

405 811 409 822 ¹
568 748 662 824 prima
682 755 726 806 est
745 745 834 806 tutela
854 745 978 805 duorum

246 843 426 905 Nascentum
446 855 533 923 atque
553 854 668 922 patrum
688 862 763 922 quae
784 844 832 902 tali
852 845 970 904 condita
990 860 1058 923 pars
1078 853 1129 904 est.

166 940 307 1002 ‘duorum
320 963 359 1002 ex
374 945 495 1004 deorum
507 963 580 1003 corr.
588 953 640 1020 pr.
650 962 685 1001 m.
700 949 836 1019 expuncto
850 961 866 1002 e
880 949 907 1000 et
918 953 1054 1020 superscr.
1068 961 1088 1001 u
1094 954 1145 1020 pr.
1160 941 1205 1002 nr!

168 1039 342 1101 Thomauicr.

200 1148 277 1214 pars
307 1145 348 1197 cst
374 1140 499 1213 codices,
530 1139 617 1199 etiam
646 1159 669 1211 o,
699 1132 767 1198 cum
794 1137 948 1198 manifesto
972 1146 1084 1215 partert
1112 1140 1206 1216 requi·

165 1247 262 1304 ratur,
294 1236 440 1296 Nimirum
461 1239 598 1315 scriptum
613 1238 705 1296 iuerat
725 1255 855 1296 rnnrusr
864 1256 872 1308 ;
893 1237 950 1297 hoc
966 1238 997 1295 in
1011 1256 1144 1309 rnnsnsr,
1159 1238 1206 1296 uel

166 1333 296 1408 fortasse,
317 1335 342 1395 si
362 1338 469 1397 seriore
488 1337 606 1397 demum
627 1354 701 1397 aeuo
722 1354 801 1396 error
821 1335 946 1413 inrepsit,
962 1343 1075 1412 partes!
1093 1336 1206 1395 uidetur

165 1433 280 1493 abiisse.

208 1530 248 1589 H.
264 1551 402 1610 939-942
426 1534 467 1593 sic
481 1533 591 1593 suntin
606 1533 722 1593 Gembl.

248 1629 337 1690 Nunc
357 1650 411 1708 age
432 1641 598 1709 surgentem
618 1632 713 1708 primo
734 1630 770 1690 de
791 1631 907 1690 cardine
929 1631 1070 1690 mundum

250 1727 373 1806 Respice
393 1749 452 1808 qua
472 1731 565 1790 solido
585 1730 732 1790 nascentia
753 1730 835 1806 signa
856 1748 972 1789 recursu

249 1827 397 1904 Incipiunt
415 1829 513 1888 uiridis
534 1828 635 1906 gelidis
655 1838 684 1887 ct
704 1827 819 1886 Phebus
841 1830 879 1887 ab
899 1828 984 1887 undis

248 1925 356 1986 Enatat
376 1937 406 1986 et
424 1926 505 1986 fuluo
526 1926 662 2004 paulatim
683 1927 849 1985 accenditur
870 1927 945 2002 igne.

209 2042 269 2099 940
289 2024 541 2085 solido-recursu
554 2026 656 2084 codices
689 2025 790 2084 solitos
803 2042 934 2083 recursus
948 2024 1098 2085 Bentlez'us.

210 2121 354 2182 Notabilis
372 2123 453 2182 locus
473 2132 590 2200 propter
611 2124 746 2200 opposita
759 2122 885 2199 epitheta
898 2125 1010 2194 uiridia
1016 2124 1114 2199 fuluo.
1157 2122 1206 2184 Sol

167 2221 265 2280 oriens
278 2241 314 2280 ex
334 2222 419 2282 undis
432 2222 529 2282 colore
544 2223 630 2280 maris
643 2221 766 2280 inficitur
781 2222 912 2280 caeruleo
920 2240 929 2294 ς
950 2223 1131 2298 prouectiore
1145 2223 1205 2281 iam

168 2319 215 2378 die
229 2339 298 2379 cum
311 2321 389 2380 orbis
403 2320 521 2381 calidior
536 2320 628 2380 lactus
642 2330 693 2390 est,
707 2319 846 2396 paulatim
861 2336 897 2378 ex
917 2320 1048 2379 caeruleo
1069 2319 1165 2379 fuluus
1179 2330 1208 2380 et

167 2418 305 2478 flammeo
326 2419 420 2496 magis
440 2428 485 2478 est
504 2419 621 2478 lumine.
665 2419 771 2477 Viridri
785 2419 911 2477 mundus
926 2417 1018 2477 dictus
1031 2429 1074 2478 est
1091 2428 1208 2496 apoeta

168 2515 281 2594 Lydiae
299 2537 337 2593 39
358 2518 432 2597 (Dir.
452 2516 521 2597 142)
542 2517 645 2578 Sidera
658 2527 713 2593 per
733 2519 850 2575 uz'ridem
870 2518 983 2575 redeunt
1000 2537 1080 2593 quom
1094 2519 1207 2594 palledo

168 2616 309 2687 mundum,
332 2615 383 2675 sed
411 2615 448 2675 de
475 2617 641 2693 uespertino
668 2616 767 2688 caelo;
797 2615 844 2674 hic
870 2615 905 2674 de
930 2616 1081 2675 matutino.
1137 2615 1208 2675 Non

168 2713 333 2773 innotuerat
346 2733 448 2773 uersus
462 2713 573 2773 Manilii
588 2714 702 2773 Naekio
716 2714 754 2772 ad
768 2713 841 2790 Lyd.
857 2733 905 2789 39,
920 2713 1002 2773 cuius
1016 2715 1114 2787 uerba,
1128 2724 1160 2773 ut
1178 2716 1208 2772 in

167 2811 282 2888 poetico
309 2830 443 2872 sermone
470 2813 649 2885 curatissimi‚
672 2813 740 2870 libet
766 2811 814 2872 hic
842 2814 1017 2871 subnectere.
1061 2812 1208 2872 ‘Virrdem

167 2911 311 2970 mundum
331 2911 358 2969 h.
369 2930 394 2970 e.
416 2912 530 2971 caelum
549 2929 641 2988 quum
665 2911 735 2970 dixit
761 2909 843 2981 Cat0,
865 2910 945 2969 color
967 2911 1086 2988 quidam
1106 2912 1209 2970 intelli-

168 3008 282 3084 gendus
302 3019 354 3082 est,
375 3011 450 3069 inter
474 3028 616 3086 cyaneum
640 3008 831 3085 splendorem,
852 3017 884 3066 ut
908 3009 1028 3068 Catonis
1052 3010 1146 3069 uerbis
1171 3028 1207 3068 ex

168 3107 246 3166 Diris
261 3117 332 3180 utar,
347 3109 441 3184 qualis
454 3126 518 3166 esse
532 3108 605 3166 solet
619 3107 697 3166 circa
710 3107 839 3165 medium
853 3106 938 3179 diem,
953 3116 981 3166 et
995 3109 1208 3167 tenebricosum

168 3207 271 3278 noctis,
286 3207 404 3265 medius.
444 3207 509 3265 Iam
528 3224 598 3266 uero
619 3206 681 3265 talis
700 3215 728 3264 et
749 3216 815 3265 ante
836 3215 930 3264 ortum
948 3205 1017 3263 solis
1032 3207 1163 3277 cernitur,
1180 3215 1209 3264 et

168 3305 312 3365 antecedit
327 3322 465 3364 occasum
479 3304 555 3376 solis,
570 3305 709 3380 duratque
724 3313 790 3380 post
803 3320 940 3362 occasum
958 3322 1010 3380 per
1028 3304 1208 3381 aliquantum

168 3403 317 3479 temporis,
331 3413 381 3462 aut
397 3403 557 3462 simillimus
571 3403 663 3473 uiridi,
678 3411 727 3461 aut
741 3402 839 3460 uiridis
854 3420 884 3460 re
898 3399 983 3459 uera!

212 3499 270 3559 Sed
284 3511 346 3559 no'n
360 3502 452 3561 solum
455 3502 547 3578 fuluo
561 3502 718 3578 opponitur
732 3501 842 3572 ur'rz’drlr,
857 3500 908 3559 sed
926 3518 943 3557 a
957 3509 1094 3576 sequente
1116 3500 1207 3558 uerbo

164 3600 268 3675 gelidis
288 3599 414 3658 colorem
435 3600 592 3676 quemdam
606 3599 708 3673 trahit;
729 3599 901 3658 cohaerente
922 3598 1041 3656 notione
1062 3597 1159 3655 uiridis
1180 3609 1208 3656 et

168 3696 266 3773 gelidi,
282 3715 370 3774 quam
386 3699 474 3757 maris
493 3717 586 3776 aquae
605 3715 792 3757 communem
814 3697 929 3766 habent,
943 3705 973 3753 ut
991 3694 1062 3752 fului
1081 3704 1109 3753 et
1123 3695 1208 3755 calidi

168 3812 259 3872 quem
273 3794 334 3885 sol:
355 3795 392 3855 de
407 3814 465 3873 qua
475 3796 623 3874 reciproca
636 3796 665 3856 ui
679 3796 885 3857 adiectiuorum
900 3794 959 3854 dixi
974 3794 1011 3853 ad
1025 3793 1129 3854 Catuli.
1141 3794 1208 3854 lxiv.

170 3912 238 3969 309·
