2760 4448
592 286 639 338 IV
1070 293 1132 362 139

83 450 198 529 Cypros
211 451 349 528 Scaliger.
377 449 561 529 Aegyptique
570 450 686 527 Cypros
696 467 749 528 ego.
762 449 855 511 amnis
866 449 959 510 Bentl.
994 453 1052 526 636
1065 451 1134 511 Sola

86 549 155 609 Cur.
184 551 247 611 solo
277 552 409 610 Vosrzitm'
426 557 452 608 et
473 570 489 608 ο
516 550 592 607 Ante
612 551 686 607 lunc
708 569 736 606 u.
756 551 891 609 excidisse
918 570 1029 608 uersum
1052 557 1135 609 ratus

83 655 125 707 est
134 649 273 727 Scaliger.
306 650 426 726 Totque
440 667 480 707 m.
492 648 555 708 sola
566 658 594 707 et
606 658 704 706 tamen
716 668 741 707 e.
752 667 780 724 p.
790 647 932 706 Bentleziis
961 650 1080 726 Totque
1094 668 1134 708 m.

83 747 148 806 solo
159 758 241 808 taceo
254 768 278 808 e.
288 767 317 825 p.
326 748 491 806 Doruillius
500 749 542 806 od
551 746 697 806 Chariten.
701 757 733 821 p.
746 761 814 821 371,
823 749 897 823 quod
902 750 1001 823 recepit
1010 747 1135 806 Iacobus.

85 848 142 921 637
153 849 194 905 sic
203 848 279 906 codd.
298 848 460 918 Praetereo,
469 847 585 923 Aegeas
593 845 735 903 Bentlezier
756 844 876 916 Littora,
887 847 1048 922 inaequalis
1056 846 1135 904 Der·

84 947 190 1004 uelli'ees.
224 965 272 1005 uu.
285 948 383 1022 634-6
387 959 424 1021 37
437 948 479 1004 sic
488 945 611 1023 refinxit
617 942 815 1020 Rossbergius.
845 944 899 1004 Est
910 945 1038 1021 genetrix
1048 945 1134 1004 Crete

83 1043 180 1102 ciuem
202 1044 300 1103 sortita
321 1044 498 1116 Tonantem,
514 1043 640 1120 Aegypti
659 1052 689 1101 at
715 1042 828 1119 Cypros
850 1042 979 1119 pulsatur
998 1043 1134 1102 fluctibus

84 1143 187 1201 amnis.
228 1142 346 1219 Totque
366 1142 489 1213 minora,
510 1141 572 1200 salo
592 1151 692 1200 tamen
711 1143 889 1217 emergentia
908 1152 1015 1217 pontus
1034 1140 1135 1201 Litora

83 1239 179 1311 hebet,
193 1240 287 1317 qualis
298 1240 441 1318 Cyclades
462 1240 618 1316 Delonque¹
632 1238 828 1315 Rhodonque.
870 1242 929 1315 639
950 1241 1134 1316 primumque

91 1338 220 1397 Vorsreni
230 1340 382 1416 primaque
396 1359 411 1397 o
425 1340 441 1398 6
456 1341 527 1397 orbe
551 1339 683 1398 Vosszeni
694 1340 795 1398 orbem
810 1359 825 1395 0
838 1339 862 1397 6.
906 1343 966 1411 640
980 1339 1134 1397 mebusum

90 1436 176 1496 Voss.1
199 1436 267 1498 Cur.
308 1437 411 1496 melius
431 1455 518 1497 usum
540 1435 625 1496 Voss.²
646 1437 771 1497 alaraica
789 1434 864 1495 Voss¹
879 1436 999 1496 alearica
1013 1456 1029 1495 o
1043 1454 1135 1512 regna
1185 1420 1187 1426 ¹

90 1533 175 1594 Vors.¹
192 1536 208 1600 6
223 1555 247 1595 o.

122 1632 220 1694 Venio
230 1632 268 1694 ad
278 1633 376 1695 locum
387 1633 595 1706 difficillimum,
608 1652 697 1712 quem
711 1634 819 1693 idcirco
834 1643 928 1694 totum
943 1632 1081 1709 exscripsi
1096 1651 1133 1693 ex

82 1732 200 1794 Gembl.
248 1733 313 1792 Iam
335 1734 416 1812 quod
443 1732 571 1810 primum
598 1734 629 1790 in
656 1732 766 1792 mendo
793 1735 882 1793 cubat
911 1735 970 1808 635
991 1732 1134 1809 Aegyptia

81 1851 143 1892 nou
170 1842 267 1909 potest
293 1851 358 1892 esse
379 1833 513 1910 Aegypti,
538 1841 634 1909 potest
655 1849 728 1904 esse,
753 1841 786 1890 ut
811 1831 1004 1908 Rossbergius
1031 1831 1133 1902 uoluit,

81 1930 263 2009 Aegyptiae,
284 1931 336 1990 sed
357 1933 455 1991 nescio
477 1949 516 1990 an
541 1949 602 1989 non
627 1930 723 2007 potius
741 1931 777 1989 sit
797 1930 979 2008 Aegyptique,
1001 1930 1082 1988 uelut
1102 1930 1133 1987 in

82 2043 140 2102 452
151 2030 302 2106 fraudata
321 2048 358 2088 ex
365 2031 547 2106 frendetque
565 2029 697 2088 uitiatum
717 2039 761 2088 est
777 2028 807 2086 in
821 2028 938 2087 Gembl.
974 2028 1133 2106 Reliquum

80 2145 110 2184 u.
139 2128 180 2186 sic
207 2128 397 2205 interpretor:
429 2127 543 2204 Cypros
566 2128 662 2186 omnis
689 2127 819 2204 pulsatur
843 2127 978 2187 fluctibus
1005 2126 1133 2203 Aegypti

80 2225 143 2283 siue
170 2225 258 2284 maris
279 2226 360 2302 quod
391 2226 560 2303 Aegyptum
581 2225 669 2284 alluit.
720 2224 762 2283 Hi
784 2235 850 2284 sunt
861 2226 971 2303 fluctus
994 2224 1135 2300 Aegypti:

80 2323 111 2379 in
139 2322 245 2399 quibus
267 2324 396 2403 Aegypti
419 2343 480 2384 non
507 2323 545 2383 ad
577 2323 679 2383 Nilum
713 2323 841 2394 refertur,
868 2323 920 2381 sed
949 2342 986 2380 ex
1013 2323 1132 2398 regione

80 2420 202 2497 pelagus
224 2421 395 2498 designauit,
417 2433 449 2481 ut
464 2423 602 2501 fluctz'bus
615 2423 743 2498 Aegypti
761 2422 839 2481 idem
857 2422 1031 2498 significaret
1052 2419 1133 2497 quod

80 2519 217 2578 fluctibus
237 2520 389 2597 Aegyptiis
414 2521 476 2580 siue
500 2521 587 2580 maris
607 2520 752 2597 Aegyptii.
795 2520 887 2578 Strab.
913 2523 969 2578 681
993 2521 1008 2592 ἡ
1030 2520 1133 2593 Κύπρος

79 2620 112 2674 τὰ
125 2621 235 2692 ἑσπέρια
252 2624 289 2695 τῷ
303 2621 452 2696 Παμφυλίῳ
472 2624 612 2689 κλυζόμενα
626 2616 749 2697 (ἕχυυσα)
770 2623 886 2692 πελάγει,
905 2621 938 2675 τὰ
958 2619 986 2674 δὲ
1007 2621 1076 2674 νότια
1095 2623 1133 2692 τῷ

80 2718 221 2793 Αἰγυπτίῳ.
265 2715 356 2789 Quod
370 2718 459 2775 omnis
474 2716 593 2790 addidit,
609 2718 700 2776 uoluit
714 2726 805 2777 totam
821 2716 909 2794 Cypri
925 2734 1008 2775 oram
1022 2733 1080 2791 qua
1094 2715 1132 2773 ad

80 2815 222 2873 Austrum
231 2815 325 2890 uergit
340 2834 376 2875 ex
390 2815 515 2874 aduerso
532 2816 616 2874 sitam
631 2833 695 2875 esse
709 2815 784 2874 litori
796 2814 986 2891 Aegyptiaco.
1026 2812 1132 2890 Neque

80 2913 139 2971 ulla
159 2930 229 2972 sane
249 2931 317 2990 pars
338 2923 381 2973 est
401 2914 463 2972 eius
484 2932 554 2973 orae
575 2933 651 2991 quae
671 2932 732 2973 non
750 2923 930 2989 praetentam
951 2913 1006 2972 sibi
1027 2912 1133 2972 habeat

80 3012 208 3087 aliquam
222 3021 335 3087 partem
349 3010 487 3090 Aegypti.

121 3110 182 3182 Qui
214 3119 351 3169 secuntur
382 3128 431 3168 uu.
460 3111 601 3187 636-639
633 3121 773 3170 structura
801 3118 911 3183 carent,
941 3109 1020 3170 deest
1053 3111 1132 3169 enirn

80 3227 141 3285 quo
165 3208 325 3267 referantur
347 3209 512 3268 accusatiui.
555 3210 654 3286 Opem
679 3209 743 3268 tulit
771 3208 865 3267 Bentl.
891 3209 1044 3268 scribendo
1071 3211 1129 3283 637

79 3309 230 3366 Praetereo
257 3326 312 3384 pro
336 3309 439 3367 Litora
463 3315 494 3380 et,
517 3328 605 3386 quem
629 3310 734 3367 merito
759 3308 941 3385 reprehendit
965 3307 1131 3379 DoruilliuS,

79 3411 221 3479 tauquam
248 3401 387 3460 audacius
408 3413 579 3478 grassatum,
602 3403 664 3480 ipse
689 3414 786 3462 autem
807 3410 898 3460 tamen
921 3403 951 3459 in
973 3410 1045 3460 taceo
1066 3420 1131 3458 mu·

79 3502 157 3572 tauit,
179 3501 293 3559 Littera
314 3501 436 3559 retinuit.
479 3501 585 3560 Melius
606 3521 700 3578 nuper
716 3501 913 3578 Rossbergius
932 3502 991 3559 sola
1012 3501 1042 3558 in
1062 3502 1129 3573 sale,

72 3606 158 3675 ponte
172 3598 203 3656 in
215 3604 322 3673 pentus
337 3596 446 3678 (pont9)
464 3599 596 3671 refinxit;
616 3619 691 3677 quae
709 3601 848 3659 diuinatio
867 3600 999 3676 speciosa
1014 3599 1130 3675 quidem

79 3707 166 3769 certe,
186 3697 332 3757 nonnullis
351 3698 473 3757 tortasse
498 3699 585 3756 etiam
605 3716 675 3757 uera
696 3699 848 3758 uidebitur.
890 3698 968 3757 Nam
991 3715 1028 3756 ne
1052 3698 1133 3755 hebet

79 3805 198 3882 quidem
214 3793 270 3884 (ht)
286 3805 373 3882 longe
388 3806 509 3864 discedit
524 3807 561 3863 ab
575 3813 600 3863 et
609 3827 624 3873 ,·
647 3808 741 3882 quales
755 3818 860 3876 autem,
875 3803 919 3881 (in
940 3824 998 3882 quo
1016 3824 1063 3863 me
1078 3805 1130 3863 ali-

80 3913 220 3982 quantum
242 3903 369 3965 haesisse
385 3922 445 3964 non
464 3903 592 3984 infitior),
609 3905 804 3982 Rossbergius
825 3924 861 3964 ex
876 3903 942 3964 loco
963 3914 1069 3964 tutatus
1085 3914 1129 3964 est
