2760 4448
159 319 202 385 32
472 312 622 363 noceas
642 311 892 403 Mxmrrxnmp

161 489 227 549 ‘the
251 490 393 567 certainty
415 489 450 549 ol
470 487 595 549 nature's
620 488 768 566 working,¹
793 508 852 566 qua
875 474 985 547 c'ertam
1007 505 1130 569 causam
1155 507 1216 549 non

160 590 257 647 minus
272 599 367 648 certus
381 599 504 647 euentus
518 589 654 665 sequitur.
696 606 725 648 u.
744 607 799 663 13²
816 587 935 646 secunda
949 604 1011 645 non
1026 596 1071 645 est
1084 589 1217 658 secanda,

160 698 192 746 ut
203 687 351 746 Bentleius
362 687 460 758 uoluit,
471 687 523 746 sed
532 688 667 763 sequenda
677 688 704 761 *,
717 687 799 763 quod
812 685 909 763 Fayus
923 685 1055 756 restituit,
1068 686 1218 744 sententia

160 786 334 863 postulante.
376 784 447 845 Non
468 784 515 846 hic
528 786 655 863 loquitur
670 786 809 845 Manilius
827 785 864 843 de
879 802 959 844 noua
980 784 1027 842 uia
1040 783 1218 859 inquirenda

161 885 374 956 astronomiae3
397 884 448 943 sed
473 883 560 944 docet
584 885 792 943 astronomiam
816 882 996 961 sequendam
1020 899 1087 940 esse
1106 883 1216 959 quippe

161 1001 237 1060 quae
252 1001 270 1041 a
283 982 358 1041 ueris
373 983 467 1042 causis
481 982 570 1042 ducta
583 982 672 1041 fidem
687 983 740 1042 sibi
754 982 821 1040 ideo
840 980 984 1040 conciliet.
1026 979 1132 1056 Itaque
1147 980 1216 1039 scri-

162 1081 291 1140 bendum
307 1088 369 1139 erat

284 1178 350 1237 Rite
372 1178 520 1256 sequenda
540 1178 588 1238 uia
608 1189 660 1252 est,
682 1197 700 1237 a
720 1178 797 1238 ueris
818 1176 928 1238 credita
948 1176 1053 1237 causis.

202 1276 243 1337 11.
269 1292 325 1351 145
342 1295 406 1354 sqq.
429 1278 470 1337 sic
485 1286 585 1336 extant
600 1278 630 1334 in
646 1277 763 1337 Gembl.

284 1375 338 1434 llla
358 1376 419 1434 fluit
440 1395 515 1454 quae
537 1376 651 1436 diuitias
672 1393 748 1452 quae
770 1375 862 1452 diligit
882 1394 985 1434 aurum

284 1473 412 1550 Imperia
433 1485 461 1533 et
483 1474 577 1534 fasces
598 1475 775 1550 mollemque
796 1493 848 1552 per
869 1475 928 1534 otia
949 1475 1050 1533 luxum

284 1571 323 1630 Et
342 1572 455 1631 blandis
476 1573 601 1632 aduersa
621 1573 702 1631 sonis
722 1572 899 1648 dulcemque
920 1592 974 1650 per
994 1591 1081 1632 aures

285 1664 431 1724 Affectum
452 1675 484 1723 ut
505 1667 624 1726 modico
645 1666 795 1726 noscenda
817 1666 855 1725 ad
877 1666 935 1725 sata
956 1666 1065 1726 labore.

207 1766 263 1836 146
288 1763 399 1822 laurum
429 1764 560 1824 Vossicmz'
580 1765 693 1823 laurum
721 1765 758 1824 al.
786 1764 887 1822 luxum
911 1784 926 1823 o
954 1780 1009 1841 147
1035 1766 1121 1839 solvis
1146 1768 1214 1829 Cur.

163 1865 266 1919 ‘aures
289 1881 328 1920 ex
351 1880 434 1921 auras
454 1882 527 1922 corr.
541 1874 591 1939 pr.
609 1883 644 1921 m.
662 1870 800 1939 expuncto
821 1882 839 1921 a
859 1871 886 1922 et
901 1875 1039 1940 superscr.
1060 1866 1095 1924 e.'
1142 1867 1214 1926 1710-

164 1961 271 2017 masties
285 1961 317 2017 de
334 1959 438 2019 Gembl.
455 1962 578 2038 referens
612 1967 698 2020 aures
714 1960 782 2020 Cur.

196 2060 271 2137 fluit
282 2077 343 2117 non
358 2068 417 2117 tam
433 2060 645 2119 multitudinem
659 2061 803 2136 exprimit,
820 2079 910 2138 quam
924 2064 1096 2120 securzialem
1110 2065 1214 2123 turbae

164 2158 374 2216 astronomiam
397 2159 586 2234 neglegentis,
611 2159 650 2218 ad
668 2160 724 2218 alia
744 2160 843 2218 omnia
863 2178 894 2218 se
919 2163 1125 2221 conuertentis.
1168 2163 1213 2221 Sic

163 2255 345 2315 Claudianus
360 2256 390 2314 in
406 2256 503 2316 Rufin.
518 2258 545 2316 ii.
563 2261 621 2330 428
636 2277 724 2316 uacuo
738 2258 818 2334 plebs
837 2259 920 2316 obuia
941 2278 1021 2317 muro
1036 2258 1101 2317 Iam
1115 2280 1214 2319 secura

154 2355 227 2432 fluit
240 2354 288 2413 ubi
304 2354 443 2413 Heinsius
458 2356 609 2415 adnotauit
623 2361 630 2388 ‘
642 2359 672 2412 τὸ
677 2357 770 2434 fluere
784 2356 878 2433 plebis
899 2357 1083 2416 securitatem
1104 2360 1214 2435 optime

163 2453 314 2528 exprimit‚'
343 2453 443 2511 ‘fleets
471 2472 512 2512 on
541 2452 791 2530 unconcernedly.'
832 2454 901 2514 Alio
924 2473 1012 2514 sensu
1038 2455 1152 2515 Seneca
1177 2456 1214 2515 ad

163 2550 264 2627 Polyb.
278 2571 306 2609 x.
322 2571 339 2626 3
359 2554 412 2610 cilo
433 2554 505 2610 enim
526 2572 576 2610 nos
596 2555 684 2611 omnis
704 2553 832 2629 uoluptas
853 2554 994 2630 relinquit,
1015 2575 1086 2631 quae
1096 2557 1173 2633 fluit
1190 2562 1216 2614 et

163 2651 269 2707 transit
280 2656 394 2724 etpaene
404 2657 467 2707 ante
477 2670 561 2726 quam
573 2653 667 2708 ueniat
676 2652 829 2728 aufertum
851 2668 1018 2728 quanquam
1033 2653 1080 2712 hic
1095 2672 1213 2732 quoque

163 2746 269 2805 eodem
284 2747 430 2807 uocabulo
444 2748 533 2825 Angli
547 2749 654 2807 utimur
670 2746 785 2808 ‘flecis’
800 2750 844 2808 ‘is
858 2751 994 2827 fleeting!

205 2845 241 2902 ln
267 2847 324 2917 146
348 2848 450 2904 luxum
476 2846 593 2906 Gembl.
614 2847 685 2907 Cus.
707 2846 797 2924 Lips,
820 2849 934 2906 laurum
956 2850 1092 2908 Vossiani
1114 2852 1213 2921 ambo,

164 2943 263 3002 nescio
277 2962 315 3002 an
330 2943 367 3002 ad
382 2963 443 3003 rem
465 2946 567 3021 aptius,
584 2946 756 3023 exquisitius
776 2947 895 3022 quidem
914 2958 1004 3007 certe.
1045 2947 1094 3006 Ad
1109 2959 1214 3025 poetas

161 3043 255 3119 potuit
269 3042 376 3114 referri,
392 3043 442 3119 qui
456 3043 538 3104 lauro
553 3063 584 3104 se
600 3046 801 3104 coronabant:
823 3063 918 3122 neque
928 3045 958 3105 id
969 3055 1068 3105 tamen
1078 3065 1214 3106 necessa·

163 3143 215 3213 rio,
235 3160 303 3201 cum
323 3141 419 3201 lauros
440 3155 558 3220 propter
578 3163 714 3203 enormes
735 3145 855 3202 umbras
871 3143 955 3222 (Plin.
971 3145 1012 3203 H.
1027 3143 1064 3203 N.
1079 3145 1145 3204 xvii.
1161 3146 1213 3222 88)

163 3243 193 3301 in
215 3250 296 3300 aestu
318 3241 501 3316 quiescentes
522 3252 710 3302 sectarentur.
752 3243 827 3301 Hor.
849 3241 884 3302 C.
906 3243 934 3302 ii.
956 3246 1037 3317 .7.18
1059 3243 1214 3320 Longaque

151 3343 266 3418 sessum
287 3341 390 3397 milz'tia
412 3343 486 3399 lalus
506 3341 618 3419 Depone
638 3343 688 3401 sub
710 3346 796 3401 lauru
818 3362 877 3401 mea
898 3361 945 3400 nec
962 3342 1057 3400 Parce
1070 3343 1151 3402 cadz's
1163 3343 1218 3402 tibi

162 3440 313 3498 destinatis.

202 3538 296 3597 Erunt
318 3546 416 3596 tamen
444 3538 493 3616 qui
515 3540 628 3598 laurum
654 3558 690 3598 ex
718 3539 820 3598 ultimo
845 3540 937 3599 uerbo
959 3558 986 3598 u.
1011 3539 1213 3617 praecedentis

160 3657 263 3697 aarum
278 3636 308 3694 in
321 3635 486 3696 Vossianos
499 3637 645 3697 inuectum
660 3648 768 3714 putent.

161 3915 184 3964 R
195 3852 209 3885 l‘
225 3851 351 3966 {ieoc'cum
359 3867 424 3901 anno
436 3851 497 3917 1889
508 3852 544 3902 sic
552 3852 711 3917 scripsissem,
721 3859 808 3917 postea
817 3868 839 3902 a.
850 3854 914 3918 1890
923 3852 975 3903 uidi
987 3853 1054 3904 idem
1064 3851 1215 3904 intellexisse

186 3931 226 3965 oss
257 3932 345 3980 rgrum.
