2760 4448
684 285 713 335 V
1157 288 1219 358 173

171 442 353 504 Marklandi¹
361 442 480 522 quidem
490 443 687 503 coniecturam
688 443 851 520 fhrmz‘dine
857 444 965 521 prunae
974 443 1141 522 reponentis
1152 461 1220 504 eum

171 562 240 603 nun
252 554 372 620 propter
384 542 562 620 praecedens
575 560 646 602 nnnc
660 543 814 603 excidisset
829 561 890 603 non
904 560 1026 621 possum
1035 544 1159 621 probare
1169 530 1222 626 (ad

171 640 243 700 Stat.
259 641 328 701 Silu.
342 660 370 719 p.
388 661 454 718 191,
469 642 515 702 ed.
531 640 636 722 Sillig).

213 738 250 796 V.
266 759 323 816 209

292 838 362 911 Qua
382 835 548 920 (Canicula)
569 838 710 898 subdente
731 837 825 897 facem
845 838 926 897 terris
946 837 1102 917 radiosque
1209 902 1212 908 ,

374 947 513 997 mouente

292 1035 447 1100 †Dimicat
467 1037 497 1094 in
518 1036 629 1096 cineres
649 1037 736 1107 orbis,
757 1034 906 1114 fatumque
926 1053 1096 1113 supremum

292 1133 425 1206 Sortitur,
446 1134 621 1213 languetque
642 1135 701 1193 suis
722 1133 878 1210 Neptunus
899 1135 930 1193 in
949 1133 1045 1192 undis.

210 1257 320 1317 Iterum
333 1257 380 1318 hic
394 1276 503 1318 moneo
518 1259 598 1335 quod
611 1259 751 1336 plurimos
766 1257 856 1328 latuit,
868 1258 967 1316 radios
980 1277 1087 1317 mouere
1101 1259 1217 1337 proprie

169 1357 225 1416 dici
240 1356 345 1426 Sirium
353 1376 362 1428 ;
383 1357 433 1434 qui
447 1367 476 1416 et
489 1358 520 1416 in
533 1358 632 1417 tabula
645 1357 822 1417 Famesiana
838 1365 868 1416 et
884 1356 914 1415 in
930 1355 1092 1415 Harleiano
1113 1358 1215 1417 codice

169 1457 227 1530 647
244 1455 393 1514 Ciceronis
405 1455 582 1515 Arateorum
596 1456 692 1515 radios
707 1457 890 1515 acuminatos
905 1452 1013 1533 (spzlled
1024 1452 1106 1531 ruys)
1125 1456 1216 1533 capiti

167 1553 255 1613 habet
283 1554 422 1631 adpictos.
464 1554 523 1613 Sed
551 1555 581 1612 in
605 1573 634 1613 u.
661 1572 719 1612 210
747 1553 887 1612 confiteor
915 1571 963 1610 me
991 1554 1122 1612 nondum
1150 1573 1215 1631 per·

167 1653 296 1729 spexisse
311 1651 381 1728 quid
395 1653 431 1711 sit
444 1652 522 1711 istud
530 1651 661 1710 Dz'mz‘cat
673 1653 704 1709 in
717 1653 831 1710 cineres.
863 1650 1024 1727 Pingraeus
1038 1651 1159 1728 quidem
1173 1652 1215 1711 sic

166 1751 251 1812 uertit
266 1751 310 1810 ‘la
323 1760 406 1823 terre,
424 1748 504 1828 prete
518 1748 536 1809 a
550 1748 609 1810 &tre
623 1749 732 1809 reduite
747 1768 784 1808 en
797 1749 926 1821 cendres,
941 1748 1036 1826 paroit
1050 1747 1109 1808 etro
1127 1748 1145 1809 a
1160 1769 1215 1810 son

166 1850 280 1909 dernier
303 1848 452 1909 moment?
483 1849 593 1920 Voluit,
617 1849 713 1920 credo,
738 1850 855 1906 dz‘rnr'cat
877 1848 955 1906 idem
979 1866 1043 1907 esse
1068 1848 1148 1924 quod
1168 1868 1214 1909 re·

163 1949 289 2008 luctatur
313 1968 351 2008 ne
373 1949 404 2007 in
426 1948 537 2008 cineres
559 1948 652 2006 soluta
671 1957 779 2025 pereat.
813 1946 955 2005 Vitiatum
976 1947 1073 2023 potius
1096 1965 1214 2006 uersum

165 2057 245 2124 puto,
270 2056 300 2106 et
316 2046 516 2130 vscribendum
547 2046 613 2104 Ima
645 2047 697 2104 dat
725 2047 756 2103 in
783 2047 908 2106 reiteres:
941 2062 1093 2122 nunquam
1119 2046 1214 2121 magis

166 2157 247 2204 aestu
261 2144 389 2204 feruente
403 2162 493 2221 quam
507 2162 574 2203 cum
589 2142 731 2203 Canicula
749 2144 780 2200 in
797 2153 893 2202 ortmn
911 2161 996 2202 suurn
1011 2142 1098 2202 uenit.
1120 2143 1157 2202 V.
1176 2155 1211 2218 17

164 2243 210 2301 Et
220 2245 300 2302 canis
313 2245 344 2300 in
358 2249 442 2301 totum
449 2249 571 2318 portans
585 2242 711 2299 incendia
725 2242 868 2299 mundum.

208 2342 244 2401 V.
261 2345 398 2401 216-222
422 2342 463 2401 sic
478 2350 578 2400 extant
593 2341 623 2399 in
638 2340 754 2400 Gembl.

690 2448 788 2498 tantus
808 2457 861 2515 per
880 2438 974 2497 sidera
994 2437 1092 2497 feruor

286 2538 427 2598 Funditur
448 2548 534 2615 atque
554 2556 616 2597 uno
638 2556 692 2596 ceu
713 2547 779 2596 sunt
800 2537 831 2594 in
852 2536 971 2594 flumine
992 2545 1100 2594 cuncta

287 2637 371 2696 Haec
391 2637 441 2695 ubi
463 2655 494 2695 se
515 2646 607 2712 ponto
628 2654 680 2712 per
701 2636 851 2712 proximas
871 2635 971 2693 extulit
992 2632 1080 2693 horas

286 2734 465 2794 Nascentem
487 2735 511 2793 si
532 2753 620 2811 quem
640 2732 736 2811 pelagi
756 2733 919 2793 restinxerit
939 2732 1019 2791 unda

207 2852 265 2892 220
286 2833 421 2892 Effrenos
442 2833 557 2892 animos
578 2833 764 2909 uiolentaque
784 2840 904 2909 pectora
924 2832 1014 2908 finget

285 2931 455 3008 Irarumque
476 2931 556 2990 dabit
576 2931 661 2990 fletus
681 2931 841 3008 odiumque
861 2939 1031 3007 metumque

285 3029 391 3089 Totius
412 3029 500 3106 uulgi.

206 3167 263 3229 217
285 3171 346 3213 uno
370 3172 425 3214 ceu
450 3162 518 3212 sunt
539 3154 569 3211 in
590 3153 708 3212 flumine
729 3153 831 3211 codices
851 3171 947 3210 omnes.
992 3153 1050 3210 218
1072 3152 1114 3209 sic
1133 3150 1208 3209 codd.

155 3259 272 3329 praeter
285 3252 301 3311 b
313 3271 367 3329 per
380 3252 489 3328 primas
507 3271 532 3310 e.
546 3251 634 3310 horas
648 3252 665 3309 b
679 3270 730 3328 per
743 3268 853 3327 pronas
872 3251 911 3308 ed.
926 3249 1011 3308 Rom.
1029 3264 1115 3323 1510.
1149 3266 1208 3323 219

162 3352 188 3410 si
201 3370 254 3411 om.
262 3350 343 3427 Lips.
354 3370 392 3409 m.
399 3361 448 3426 pr.
460 3368 549 3426 quam
563 3368 618 3408 nec
633 3369 685 3408 om.
698 3350 722 3408 si
738 3349 824 3408 Voss.2
845 3349 1019 3407 restrinxerit
1035 3342 1209 3422 Voss.²Lr]>r.

161 3450 367 3526 perstrinxerat
388 3446 472 3507 Voss.¹
491 3447 558 3507 Cur.
574 3447 778 3507 constrinxerit
792 3467 815 3506 o.
859 3465 918 3504 220
939 3446 1020 3523 lingit
1044 3445 1209 3504 Vosrz'am'o

162 3548 276 3626 stringit
292 3547 359 3607 Cur.
404 3566 458 3605 221
482 3547 565 3606 fletus
585 3548 667 3605 etz'om
689 3543 774 3605 Voss.l
795 3544 863 3604 Cur.
878 3545 982 3603 fluctus
1003 3543 1088 3603 Voss.1
1102 3543 1210 3601 fluxtus

161 3646 275 3706 oflatus
289 3645 415 3704 Iacobus.

203 3763 232 3804 u.
248 3759 304 3822 217
328 3744 462 3804 certatim
482 3741 683 3816 emendarunt,
704 3741 857 3803 Reinesius
877 3748 958 3818 atque
981 3744 1035 3801 imo
1059 3741 1160 3801 sz'tr'unt
1177 3741 1208 3800 in

390 3888 400 3922 ¹
415 3889 486 3951 Idem
498 3896 580 3942 censet
591 3889 731 3942 Doruillius
742 3890 775 3940 ad
786 3888 881 3940 Charit.
892 3904 918 3955 p.
931 3901 988 3954 53²·
