2760 4448
164 278 228 364 196
475 290 623 343 nocrrs
643 287 893 346 Manrerarvxr

162 451 222 510 uia
246 449 325 528 Thy.
339 452 397 526 784
412 454 528 510 uerterit
540 459 644 510 currus
657 452 727 523 lieet,
738 449 806 510 Sibi
816 451 873 527 ejece
886 448 973 509 Ilien
986 446 1098 509 aberam
1112 447 1216 507 ducens

161 551 225 609 iter.
244 564 322 624 1095
337 551 387 623 nil,
405 548 501 622 Titan,
514 570 616 626 queror
629 548 669 609 Si
679 559 855 626 perseueras.
896 547 1015 608 Nemes.
1028 547 1142 624 Cyneg.
1164 566 1213 624 39,

164 667 203 721 40
227 649 278 707 ubi
302 649 368 707 trita
392 649 486 726 poetis
510 657 682 726 argumenta
708 657 840 707 recenset
867 645 1057 705 Tandaleiium
1081 665 1167 704 casus
1190 651 1217 706 et

162 756 281 822 sparsas
299 749 439 823 sanguim
459 765 567 805 mensas
590 744 803 822 Candentemque
823 745 996 821 repeteretis
1018 743 1126 804 I'e'tana
1145 741 1216 819 Mr-

163 847 245 903 cenes.

205 941 301 1001 Potuit
319 942 406 1018 igitur
422 951 451 1001 et
474 939 613 1000 Manilius
631 940 736 1000 Telana
753 938 799 999 hic
814 939 972 1000 induceret
993 958 1047 999 nec
1062 939 1215 1017 sequentia

163 1041 275 1099 riruabr‘t
300 1040 404 1105 Dicere
430 1041 500 1099 bella
528 1041 605 1098 uteri
628 1057 689 1098 non
720 1039 789 1099 satis
816 1039 998 1117 explicantur
1024 1057 1063 1099 ex
1090 1039 1214 1100 adnexis

164 1141 339 1215 meatumque
359 1141 389 1196 r'n
403 1139 509 1217 fratre
525 1144 674 1213 parentem.

206 1237 286 1308 Quid
301 1238 405 1314 igitur?
427 1246 523 1295 utrum
541 1237 643 1294 uitium
662 1234 767 1294 traxit?
787 1236 848 1294 sine
859 1237 921 1308 sole,
936 1254 975 1295 an
988 1236 1085 1296 de'emr'
1104 1236 1215 1295 sidicat

165 1352 233 1394 uere
254 1336 390 1394 traditum
411 1344 456 1394 est
469 1333 518 1414 (cf.
532 1334 589 1393 ΙΙΙ.
606 1352 643 1392 20
660 1332 849 1409 Ereptumque
865 1335 935 1392 dr'em
949 1334 1029 1410 quod
1050 1333 1088 1393 de
1106 1334 1215 1394 eodem

165 1433 222 1492 hoc
250 1433 378 1493 facinore
406 1434 478 1492 dixit
506 1431 667 1512 Manilius),
692 1432 723 1490 in
747 1431 801 1490 illis
828 1433 889 1490 sz'ne
915 1434 969 1492 sole
995 1433 1098 1492 credas
1126 1433 1215 1494 latere

165 1531 347 1602 infinitiuum,
361 1531 441 1590 uelut
461 1551 609 1590 rammasse
624 1528 761 1610 (semote).
806 1529 877 1590 Stat.
892 1530 950 1591 Th.
966 1531 985 1589 i.
1002 1547 1061 1607 325
1082 1529 1128 1590 Et
1146 1533 1215 1590 cali·

161 1636 262 1706 gentes
289 1631 399 1705 abrepto
425 1632 481 1688 sele
506 1628 653 1704 Mycenas,
677 1629 728 1687 ubi
753 1627 890 1688 Placidus
915 1629 1029 1706 abrepto
1055 1631 1111 1688 sole
1138 1631 1217 1690 derel

165 1729 294 1786 subducto
315 1729 418 1786 lumz'ree
438 1734 465 1787 ei
483 1748 501 1785 a
522 1748 609 1786 eursu
629 1746 678 1786 suo
699 1735 833 1785 reuocato.

206 1825 354 1885 Bentleius
381 1835 410 1884 et
438 1825 630 1885 Marklandus
658 1828 719 1883 se'rze
743 1826 797 1885 sole
821 1825 954 1903 uitiatum
979 1835 1007 1884 et
1031 1844 1085 1903 pro
1109 1844 1147 1886 eo
1169 1846 1215 1887 re-

166 1924 335 2000 ponendum
351 1926 411 1983 seire
428 1926 486 1983 luce
505 1925 696 1984 crediderunt.
737 1924 804 2000 Ego
821 1925 919 2001 potius
934 1926 993 1983 seire
1006 1932 1082 1984 neck
1095 1926 1144 1984 uel
1157 1927 1216 1985 εἰπε

167 2023 235 2081 nube
248 2023 436 2100 reposuerim,
452 2034 483 2082 ut
501 2041 606 2082 caecus
620 2023 711 2083 Titan
729 2023 881 2096 diceretur,
896 2024 1031 2100 quamuis
1047 2042 1137 2083 causa
1154 2043 1215 2084 non

166 2133 241 2181 esset
251 2123 445 2195 tenebrarum,
459 2121 604 2181 locutione
617 2140 686 2180 uere
701 2119 872 2180 Maniliana.
914 2121 950 2180 V.
967 2137 1025 2197 549
1040 2123 1100 2180 sine
1108 2123 1218 2201 sunere

153 2221 264 2298 sunus.
307 2218 375 2278 Sen.
391 2219 449 2296 Ag.
475 2222 532 2293 184
554 2222 615 2277 sr'ree
632 2221 707 2279 hoste
727 2222 827 2280 uellus.
878 2218 1005 2279 Saluian.
1027 2219 1063 2278 de
1084 2219 1216 2280 Gubern.

166 2318 245 2378 Dei'
238 2338 255 2376 r.
270 2337 307 2390 42
323 2319 483 2394 ingreditur
496 2320 632 2377 heremum
647 2320 759 2378 uzetrz'x
773 2320 831 2378 sine
845 2318 911 2378 bello
885 2321 998 2397 lgent
1011 2318 1216 2392 Hebraeorum,

165 2419 296 2492 agriter
308 2436 368 2475 sene
381 2418 485 2487 chaere,
500 2418 616 2476 aratris
629 2419 689 2474 sz'rre
702 2419 760 2474 ue'a.
916 2455 919 2459 Δ
976 2455 1007 2484 a

207 2513 245 2573 Et
258 2514 337 2572 fauet
350 2514 571 2591 quodammodo
588 2513 721 2574 Placidus
736 2515 774 2574 ad
792 2514 862 2575 Stat.
873 2513 954 2575 Th
946 2535 981 2574 ιν.
997 2520 1058 2592 307
1070 2514 1218 2577 Funereae

166 2619 224 2670 tum
246 2630 363 2688 nemque
382 2613 466 2689 dapes
486 2613 618 2690 medti'que
637 2633 770 2672 recursus
790 2613 868 2673 Solis
888 2614 962 2672 haec
983 2613 1137 2688 adnotans,
1158 2617 1217 2675 r‘deo

155 2713 316 2790 funeratus
334 2711 418 2785 dapes
435 2715 552 2788 propter
571 2713 667 2788 epulas
686 2717 712 2770 et
729 2730 874 2771 recursum
893 2713 960 2771 solis
979 2719 1006 2771 e!
1022 2710 1062 2793 (et
1074 2732 1127 2774 orn.
1139 2714 1217 2774 codd

166 2871 380 2953 Monacenses¹)
398 2881 516 2951 propter
537 2875 667 2952 offensam
689 2876 823 2953 affabiles,
843 2824 979 2954 (grabius
1002 2886 1098 2953 arup.
1118 2896 1175 2937 scr.
1198 2897 1213 2938 2

168 2992 253 3031 manu
274 2973 330 3029 cod.
344 2971 460 3032 Mona
474 2973 540 3032 Lat.
560 2970 672 3051 19482)
691 2974 737 3031 dei
753 2974 821 3050 quia
840 2970 903 3051 (qui
924 2973 1001 3033 codd.
1016 2972 1215 3056 Menecrates)

104 3066 106 3071 ⁸
167 3073 242 3130 aeter
254 3071 333 3128 nulla
347 3072 444 3129 nubila
454 3073 557 3146 pretate
569 3077 649 3130 tanta
664 3073 720 3147 egit
733 3090 866 3130 occasum.

209 3169 296 3226 Vnde
325 3168 398 3227 haec
426 3168 582 3229 Placidus?
617 3169 705 3229 credo
733 3168 889 3229 aGraeco
916 3168 1004 3241 fonte,
1029 3169 1152 3233 sortasse
1178 3191 1216 3234 ex

168 3266 314 3344 Euripide.
356 3265 568 3344 Vndecumque
588 3267 741 3342 fluxerunt,
758 3268 805 3327 illa
823 3269 897 3326 rieter
909 3270 989 3326 nulle
1006 3269 1104 3328 nubz'la
1114 3273 1217 3348 patale

168 3372 247 3424 tenta
270 3366 328 3441 egit
349 3383 482 3437 occasum,
503 3365 576 3424 mire
597 3365 636 3424 ad
656 3360 767 3425 Manilii
788 3383 906 3425 uersum
926 3378 995 3443 apta
1016 3377 1091 3427 sunt.
1137 3368 1216 3429 Nam

168 3467 238 3523 diem
263 3464 294 3521 in
315 3465 365 3540 pie
386 3463 526 3540 refingere
551 3473 579 3521 et
600 3462 756 3523 litterarum
780 3465 915 3524 ductibus
936 3475 965 3524 et
985 3466 1128 3526 sermonis
1148 3486 1216 3546 pro·

168 3562 283 3639 prietati
304 3561 447 3620 satisfacit.
489 3560 578 3639 Verg.
593 3563 666 3621 Aen.
682 3563 709 3621 ii.
726 3577 784 3639 535
807 3582 871 3642 sqq.
891 3563 944 3637 Di,
961 3566 992 3622 si
1006 3584 1063 3640 qua
1083 3571 1126 3625 est
1144 3568 1217 3626 caelo

162 3663 286 3737 pietas,
306 3680 377 3736 quae
391 3662 462 3775 ΙαΙΙα
490 3667 574 3732 curet,
599 3660 773 3721 Persoluant
791 3670 891 3740 grates
912 3664 1016 3740 dignas
1038 3670 1066 3723 et
1082 3668 1216 3741 praemia

202 3834 211 3864 ¹
229 3833 306 3883 Hunc
322 3832 406 3883 locum
423 3850 453 3888 ex
470 3833 568 3883 duobus
587 3833 715 3886 codicibus
734 3836 928 3889 Monacensibus
947 3836 1119 3902 1n.6396et
1137 3841 1216 3906 19482

169 3898 298 3965 exscripsit
310 3899 372 3949 mihi
384 3899 515 3951 Eduardus
525 3899 644 3951 Wdlfflin.
