2760 4448
682 307 708 358 V
989 302 993 312 '
1148 319 1218 387 209

166 462 317 543 intelligo’
330 465 477 544 praelatus
493 465 653 544 ‘Repone’
667 469 707 528 ait
722 465 930 546 ‘Humorisque
949 471 1037 530 uomit
1053 472 1144 532 socr'czr
1159 482 1215 551 per

142 567 265 625 'mutuo
291 563 381 625 dotes?
422 565 525 643 Itaque
552 566 624 625 nihil
653 566 768 645 reliquit
795 568 876 643 quod
901 567 1014 628 Manilii
1039 581 1122 642 esset,
1145 570 1213 631 fecit

166 663 268 723 omnia
282 662 413 723 Bentleii.
453 663 532 722 Nam
546 664 570 723 si
585 663 724 724 Manilius
744 665 858 743 scripsit
877 669 983 725 umoris
998 665 1072 745 (siue
1090 672 1211 744 umores)

166 763 258 819 uomz't
276 764 351 820 socia
368 759 409 843 (h.
425 781 450 822 e.
472 760 594 840 sociata)
609 774 664 839 per
684 769 780 822 mutua
800 765 868 836 dote,
889 763 1036 826 Bentleius
1058 768 1164 826 umorr's
1184 787 1212 827 u.

165 861 255 918 socios
268 871 324 936 per
344 879 379 919 m.
398 860 471 919 dotes
491 861 628 938 reposuit,
649 871 712 921 tota
732 863 872 921 orationis
893 863 1004 922 sublata
1024 866 1211 942 proprietate,

166 975 230 1017 non
243 959 301 1017 iam
317 956 478 1018 Maniliana
490 958 566 1019 iacta
580 969 624 1018 est
638 958 689 1018 sed
702 959 796 1020 multo
810 961 905 1020 uerius
919 961 1099 1022 Bentleiana.

208 1054 246 1114 V.
260 1059 400 1131 ⁶85·⁶8t

225 1167 228 1171 “
248 1152 294 1213 De
315 1154 413 1213 salinis
433 1163 494 1214 arte
514 1153 597 1214 lactis
616 1154 717 1215 dicens
739 1154 879 1215 Manilius
898 1156 971 1217 haec
992 1156 1082 1218 habet

290 1251 367 1312 Cum
387 1252 515 1313 solidum
536 1263 617 1313 certo
638 1253 805 1314 distendunt
825 1255 957 1331 margine
978 1274 1115 1333 campum

288 1350 505 1428 Adpelluntque
526 1369 581 1412 suo
603 1349 762 1411 deductum
781 1371 819 1412 ex
839 1370 966 1431 aequore
987 1353 1108 1414 fluctum

289 1448 518 1527 Claudendoque
538 1454 681 1526 †negant.

208 1549 267 1624 685
289 1547 455 1615 distendant
478 1546 583 1608 Gembl.
626 1550 685 1607 686
704 1547 752 1606 Ad
772 1548 941 1627 bellumque
959 1547 1064 1610 Gembl.
1076 1556 1104 1609 et
1120 1551 1210 1612 ceteri.

168 1646 309 1723 Correxit
320 1646 459 1724 Scaliger.

206 1745 343 1806 Fortasse
366 1749 471 1819 necant,
492 1744 553 1805 siue
574 1745 719 1824 perimunt
739 1755 873 1805 naturam
893 1746 982 1806 maris
1006 1745 1078 1808 dum
1100 1747 1141 1808 sic
1165 1747 1211 1806 in·

166 1843 299 1904 cluditur.

207 1942 328 2019 V.1706,
345 1953 402 2016 707

288 2040 338 2099 Ille
360 2038 514 2117 elephanta
534 2048 645 2117 premet
666 2038 754 2100 dorso
775 2040 957 2119 stimulisque
977 2041 1109 2103 monebit

287 2137 424 2214 Turpiter
443 2139 474 2195 in
494 2148 577 2197 tanto
598 2138 752 2198 cedentem
772 2139 903 2216 pondere
923 2141 1070 2206 †cunctis.

164 2237 296 2295 monebit
317 2234 403 2295 Voss.²
423 2237 551 2296 mouebit
576 2235 680 2296 Gembl.
703 2237 788 2298 Voss.1
808 2239 883 2315 quod
899 2239 1034 2299 retinebat
1047 2237 1211 2299 Dorutllius

163 2336 196 2395 ob
210 2353 342 2411 magnam
356 2335 495 2410 elephanti
505 2337 608 2394 molem.

207 2432 307 2509 ‘Lego
321 2434 436 2509 punctr's
453 2433 535 2511 quod
553 2433 710 2511 respondet
726 2439 763 2510 τῷ
779 2435 900 2493 str'rnutis
914 2452 1016 2494 uersus
1035 2433 1210 2512 superioris,’

164 2531 312 2602 Hormus,
332 2531 441 2608 optime
461 2540 491 2590 et
510 2550 558 2590 me
579 2532 674 2592 iudice
695 2541 724 2591 et
744 2531 889 2592 Doruillio
909 2532 947 2591 ad
969 2532 1077 2592 Charit.
1095 2552 1123 2611 p.
1140 2546 1209 2608 591.

164 2629 246 2703 Quid
260 2628 426 2688 Bentleius?
460 2629 559 2689 ‘Vidit
572 2631 730 2690 absurdum
741 2631 875 2704 Huetius,
890 2641 919 2690 et
932 2630 1077 2690 substituit
1084 2634 1210 2707 pumat.

162 2727 253 2805 Atqui
267 2728 325 2786 iam
339 2727 451 2786 dixerat
464 2738 566 2789 auctor
579 2730 702 2789 stimulis
715 2728 840 2789 monebit.
881 2727 987 2807 Neque
1000 2731 1120 2805 turpiter
1133 2729 1209 2790 cedit

163 2826 294 2899 stimulis,
310 2825 361 2885 sed
375 2826 532 2903 sapienter.
573 2827 698 2906 Repone
716 2826 850 2904 Turpiter
868 2828 899 2886 in
919 2833 997 2886 tanto
1018 2826 1208 2887 scandentem

155 2926 277 3001 pondere
306 2921 407 2986 funes!
450 2923 530 2997 Quid
558 2924 706 2985 Iacobus?
748 2925 850 2985 Huetii
880 2926 1078 2986 coniecturam
1108 2925 1207 3001 edidit,

163 3023 264 3081 Huetii
279 3022 388 3082 nullam
401 3023 580 3082 mentionem
593 3022 667 3096 fecit,
683 3023 766 3100 ‘Ego
779 3021 908 3084 correxi’
923 3023 1084 3089 adnotauit.

204 3120 242 3181 V.
258 3134 396 3199 717-719
411 3121 453 3180 sic
467 3130 567 3180 extant
580 3122 611 3180 in
624 3119 741 3180 Gembl.

285 3219 366 3278 Tum
386 3228 522 3295 quartum
543 3219 733 3296 quintumque
754 3237 847 3296 genus
868 3218 1042 3279 discernitur
1062 3223 1151 3281 omne

284 3315 311 3375 E
332 3335 454 3376 numero
475 3335 647 3399 summaque
668 3316 775 3392 gradus
795 3317 845 3392 qui
865 3317 994 3393 iungitur
1014 3335 1109 3394 angue

284 3413 416 3474 Maxima
436 3433 488 3492 per
508 3416 646 3474 minimos
666 3426 755 3475 censu
776 3414 958 3474 concluditur
979 3416 1047 3474 imo.

244 3526 301 3590 717
318 3530 406 3573 omne
425 3512 493 3574 Cus.
508 3520 534 3571 et
538 3515 672 3590 plerique.
717 3516 775 3588 718
790 3515 831 3572 sic
847 3512 915 3574 Cur.
957 3526 1016 3591 719
1030 3528 1092 3572 uno
1108 3509 1177 3575 cus.

202 3611 279 3672 Puto
293 3612 335 3671 sic
347 3611 533 3686 refingendos
547 3630 611 3671 esse
624 3611 679 3671 hos
693 3629 742 3669 uu.

283 3709 365 3770 Tum
386 3720 520 3788 quartum
541 3710 731 3787 quintumque
752 3727 846 3786 genus
867 3709 1037 3776 discernitur
1057 3708 1139 3769 omni

283 3807 311 3867 E
330 3825 462 3881 numero,
483 3787 685 3885 summamque
706 3808 814 3884 gradus
834 3807 885 3884 qui
905 3807 995 3866 uincit
1015 3815 1178 3887 utramque,

284 3904 417 3967 Maxima
438 3923 507 3987 pars
527 3906 663 3967 minimos
684 3923 776 3966 censu
796 3904 942 3966 concludit
963 3916 992 3964 et
1012 3905 1098 3967 imos.

670 4023 686 4062 ιΙ
