2760 4448
595 269 642 320 JV
1073 274 1133 339 129

84 434 188 503 repeat
203 425 274 486 such
288 446 305 486 a
319 428 441 488 number
461 427 494 487 of
510 437 598 505 parts,
613 438 665 504 put
684 429 714 486 in
729 427 823 487 words
844 446 878 488 so
899 445 987 504 many
1002 445 1082 486 sums
1103 426 1137 486 ol

87 525 257 597 arithmetic‚
279 544 347 602 vary
361 526 409 584 the
425 526 495 602 style
515 525 548 584 ol
565 526 609 584 his
629 526 773 602 language
794 526 870 585 from
891 545 948 585 one
969 526 1025 585 like
1047 543 1134 585 cause

87 633 120 681 to
147 623 288 683 another?
331 624 474 700 Suppose
491 641 526 682 us
554 634 584 682 to
610 622 682 683 have
706 625 816 700 lighted
841 642 881 683 on
905 625 1000 683 words
1025 634 1055 683 to
1080 642 1135 682 our

86 739 224 797 purpose,
238 741 280 780 we
295 741 344 780 are
359 721 497 780 ashamed
511 721 546 780 of
556 721 629 780 their
642 722 810 782 weakness:
834 728 851 753 “
861 722 932 782 after
943 720 1008 794 all‚''
1018 740 1061 781 we
1073 740 1133 797 say,

88 819 196 878 “there
210 820 267 878 will
280 821 316 879 be
330 820 453 896 nothing
467 830 497 879 to
511 820 624 897 please:
647 839 701 880 our
720 821 822 898 toiling
837 822 861 880 is
880 821 917 879 all
936 821 967 878 in
980 821 1055 892 vain,
1070 821 1091 878 it
1109 820 1134 880 is

87 917 214 994 rejected
228 919 264 994 by
280 917 328 977 the
342 915 433 976 ear.''’

128 1031 182 1092 IV.
198 1052 266 1107 443,
282 1051 340 1106 444
355 1033 397 1092 sic
412 1041 511 1092 extant
525 1032 555 1091 in
569 1032 686 1094 Gembl.

61 1147 64 1150 ·
209 1130 345 1208 Lanigeri
366 1150 434 1208 pars
455 1141 557 1208 quarta
577 1143 665 1192 nocet
685 1151 741 1192 nec
762 1141 844 1191 sexta
864 1132 986 1191 salubris

210 1229 338 1306 Septima
358 1247 426 1306 pars
446 1230 486 1288 illi
507 1248 542 1290 ac
563 1230 687 1290 decuma
708 1230 905 1308 decumaeque
927 1230 997 1289 sida.

128 1361 187 1416 444
216 1362 269 1421 par
292 1344 436 1422 Withofius
455 1352 482 1403 el
497 1345 640 1403 Bentleius
687 1356 730 1406 est
748 1353 816 1422 post
835 1346 958 1405 decuma
983 1364 1034 1405 om.
1056 1347 1132 1404 codd.

86 1441 215 1501 secunda
233 1443 360 1519 plerique
378 1441 474 1523 (seda)
517 1443 645 1520 Septima
664 1462 718 1520 par
739 1445 777 1502 illi
799 1463 833 1504 ac
854 1444 968 1503 decima
989 1454 1033 1503 est
1055 1444 1132 1503 deci-

86 1557 211 1616 maeque
231 1540 360 1599 secunda
379 1541 522 1600 Bentlezits
544 1541 572 1600 S.
594 1561 646 1619 par
668 1542 707 1600 illi
728 1561 762 1602 ac
782 1542 895 1602 decima
918 1562 936 1601 a
961 1543 1133 1621 decimaque

85 1637 215 1697 secunda
228 1637 361 1716 Irleringa
379 1639 522 1698 Obseruat.
529 1651 561 1717 p.
579 1654 594 1715 7
599 1661 616 1716 3
631 1646 658 1698 el
668 1643 708 1699 sic
726 1641 846 1699 malebat
859 1640 1010 1700 Stoeberus.

75 1807 77 1810 y
125 1735 222 1814 Aegre
242 1736 314 1796 inter
332 1736 495 1797 Bentleium
516 1748 545 1798 et
562 1738 726 1814 Heringam
748 1739 926 1798 diiudicatur.
970 1738 1074 1798 Rarius
1095 1746 1136 1798 est

85 1835 236 1908 intercidit,
252 1847 353 1897 contra
367 1837 499 1897 facillime
513 1848 579 1914 post
594 1839 707 1896 decumo
721 1838 822 1897 eadem
837 1839 949 1898 uocalis
969 1858 987 1897 a
1007 1840 1132 1915 peritura

84 1940 153 1989 erat.
197 1931 255 1991 Sed
268 1931 389 1992 fortasse
404 1935 557 2010 scripserat
571 1943 658 2011 poeta
671 1954 705 1992 ac
719 1935 866 1994 decumana

123 2047 178 2109 IV.
195 2063 336 2124 451-453
352 2050 392 2109 sic
407 2061 507 2110 extant
521 2050 550 2108 in
565 2048 681 2109 Gembl.

208 2146 316 2224 Bisque
337 2149 454 2208 undena
475 2167 587 2208 nocens
608 2159 636 2210 et
656 2148 701 2207 bis
722 2148 856 2209 duodena
878 2159 1016 2209 nocentes

207 2244 349 2323 Quaeque
370 2246 471 2306 decem
493 2249 602 2325 trisque
621 2247 782 2323 ingeminat
803 2247 934 2307 fraudata
955 2248 1070 2308 duobus

206 2342 341 2420 Triginta
362 2363 497 2405 numeros
518 2364 553 2405 ec
574 2351 605 2405 tir
626 2344 770 2406 tricesima
792 2362 907 2405 summa
929 2356 980 2404 est.

126 2473 183 2533 452
200 2459 356 2538 Quemque
373 2459 441 2519 Cus.
463 2460 549 2520 Voss.²
563 2461 663 2521 frauda
685 2459 770 2520 Voss?
783 2460 914 2519 fraudata
930 2461 997 2519 Cus.
1016 2458 1131 2520 Vosn¹0

82 2557 252 2636 fraudatque
267 2557 404 2634 Scaliger.
448 2577 506 2635 453
522 2568 550 2617 et
566 2569 597 2618 tu
620 2557 705 2617 Voss.1
724 2570 782 2618 oet
795 2579 848 2618 ont.
864 2570 895 2619 tu
917 2559 1002 2618 Voss.²
1016 2577 1130 2618 summa

82 2666 125 2715 est
140 2657 217 2715 codd.
232 2674 347 2715 summa
361 2675 392 2716 es
406 2654 533 2728 Iacobus,
550 2664 576 2716 et
587 2659 628 2716 sic
641 2658 681 2717 ed.
696 2657 780 2715 Rom.
799 2674 885 2732 1510.

125 2753 272 2814 Tollenda
292 2765 337 2814 est
358 2754 503 2814 distinctio
524 2765 591 2831 post
612 2763 741 2827 nocentes,
764 2773 824 2831 quo
845 2757 936 2814 uerbo
958 2755 1131 2832 copulantur

81 2853 123 2911 bis
144 2853 268 2911 duodena
289 2850 353 2933 (24)
376 2872 495 2929 quaeque
514 2872 583 2930 pars
602 2854 689 2911 decem
710 2854 815 2929 trzique
833 2857 989 2930 ingeminat
1007 2854 1082 2934 (26),
1101 2864 1130 2913 et

82 2969 157 3029 quae
164 2952 298 3029 fraudat
310 2952 414 3010 duobus
431 2951 565 3028 Trtgz'nla
579 2971 705 3010 numeror
720 2950 794 3030 (28).
838 2952 894 3010 His
909 2952 1035 3011 Iacobus
1049 2953 1130 3012 a'ddit

81 3050 257 3108 tricesimam
285 3046 351 3128 (30)
379 3050 534 3109 scribendo
561 3058 587 3109 et
608 3057 640 3107 tu
666 3051 805 3108 lrz'cesima
833 3069 941 3108 summa
967 3070 1002 3123 es,
1025 3052 1128 3109 melius

81 3147 202 3206 sortasse
218 3146 356 3221 Bentleio‚
372 3149 422 3225 qui
440 3155 481 3207 est
499 3167 615 3225 prorsus
636 3148 740 3206 omisit.
783 3147 841 3206 Sed
865 3166 1033 3225 quanquam
1053 3155 1080 3207 et
1098 3156 1128 3206 tu

81 3255 228 3322 praestant
242 3243 341 3305 Voss.1
356 3254 385 3305 et
399 3267 423 3319 0,
433 3247 577 3323 potiorem
592 3246 688 3305 habeo
702 3245 858 3305 lectionem
869 3246 1088 3306 Gemblacensis
1102 3269 1130 3305 ec

80 3349 119 3415 tri,
134 3343 213 3402 unde
227 3362 344 3403 uersum
358 3345 403 3405 sic
414 3346 528 3422 corrigo
546 3365 593 3404 nec
606 3347 672 3403 dum
685 3346 825 3403 tricesima
838 3364 948 3403 summa
961 3352 1006 3416 est,
1021 3345 1050 3402 h.
1059 3365 1084 3404 e.
1099 3360 1130 3404 et

80 3459 156 3517 quae
174 3460 243 3520 pars
261 3441 376 3502 duobus
395 3453 509 3502 tanturn
530 3445 659 3503 numeris
680 3445 761 3503 abest
778 3462 795 3501 a
817 3444 959 3502 tricesima
981 3462 1076 3520 neque
1097 3444 1127 3501 in

80 3538 155 3599 hanc
172 3549 272 3600 tamen
285 3552 515 3600 consummatur.

120 3656 174 3716 IV·
190 3671 258 3730 454,
275 3670 335 3732 455

203 3771 341 3832 Pestifera
362 3773 391 3830 in
412 3772 536 3850 geminis
557 3791 625 3850 pars
646 3773 740 3850 prima
762 3783 790 3832 et
811 3773 891 3832 tertia
913 3774 1001 3848 signis

202 3871 332 3949 Septima
353 3891 414 3930 non
436 3873 544 3931 melior.

596 3991 615 4029 K
679 4012 683 4021 .
