2760 4448
677 261 697 310 r
1169 265 1209 329 19

162 434 267 495 Cetera
294 444 371 495 recte
399 436 487 496 credo
516 435 631 496 Gembl.
661 454 809 495 seruasse:
849 435 1013 497 Vossianos
1044 435 1068 494 si
1097 453 1210 514 sequar,

161 536 288 595 scribam

283 633 333 691 An
353 634 447 694 maior
468 634 570 693 densat
591 632 737 694 stellarum
758 635 843 694 turba
863 653 1000 694 coronam

284 732 448 792 Contentin
469 733 632 806 flammans,
654 733 691 792 de
712 751 812 792 crasso
834 733 943 791 lumine
964 733 1097 805 candens,

284 831 322 890 Et
341 830 454 908 fulgore
475 832 545 890 nitet
565 832 676 891 caelato
697 831 800 891 clarior
820 832 920 892 orbis?

160 940 195 988 ut
211 933 268 1004 756
282 930 418 989 euaderet
431 929 640 989 Ciceronianus
654 930 831 989 hexameter.

203 1027 227 1085 I.
244 1030 310 1103 758,
327 1048 345 1103 9
367 1029 409 1087 sic
423 1038 523 1088 extant
538 1029 568 1086 in
583 1027 699 1088 Gembl.

284 1127 334 1185 An
354 1126 442 1186 fortes
463 1127 578 1186 animae
599 1127 776 1204 dignataque
797 1128 918 1187 nomina
938 1126 1020 1186 caelo

286 1225 467 1302 Corporibus
488 1225 613 1285 resoluta
634 1225 695 1283 suis
715 1235 865 1303 terraeque
886 1226 1005 1283 remissa

207 1326 265 1398 760
286 1324 356 1383 Huc
372 1323 499 1400 migrant
519 1342 555 1382 ex
577 1323 649 1383 orbe
670 1340 815 1400 suumque
836 1324 996 1383 habitantia
1017 1323 1131 1382 caelum

285 1420 438 1481 Aetherios
458 1422 560 1480 uiuunt
581 1439 675 1480 annos
696 1421 867 1499 mundoque
888 1422 1043 1481 fruuntur?

307 1533 324 1566 0

209 1586 265 1659 758
286 1585 407 1643 numina
426 1585 442 1644 b
460 1584 610 1644 numineo
630 1584 740 1642 lumina
762 1583 847 1644 Voss.¹
861 1593 888 1644 et
908 1585 976 1646 Cus.
997 1585 1106 1644 lumine
1129 1581 1222 1659 Voss?¹

163 1683 287 1742 numina
300 1681 393 1743 Bentl.
477 1698 534 1759 759
549 1692 681 1761 terraque
692 1681 785 1742 Bentl.
870 1687 926 1760 761
943 1683 1072 1742 feruntur
1089 1683 1221 1741 Vossz'anz'

164 1789 190 1840 et
202 1801 226 1839 o.

207 1878 370 1939 Bentleium
378 1879 513 1956 quamuis
521 1878 777 1939 Burtonusiniuria
786 1880 1000 1958 reprehenderit
1009 1879 1090 1958 quasi
1100 1879 1217 1938 numina

165 1979 207 2039 sic
227 1978 343 2037 demum
363 1988 484 2056 possent
501 1977 600 2038 uocari
617 1989 773 2056 postquam
795 1979 825 2036 in
844 1979 958 2038 caelum
977 1987 1093 2055 recepta
1111 1986 1218 2049 essent,

165 2077 245 2137 malo
261 2077 307 2137 hic
318 2076 435 2137 Gembl.
446 2077 536 2155 sequi.
572 2074 651 2135 Nam
666 2077 744 2136 idem
753 2076 901 2136 Burtonus
912 2080 1025 2136 nonina
1038 2087 1115 2136 recte
1130 2077 1218 2134 inter-

166 2185 293 2254 pretatus
303 2185 348 2235 est
361 2175 496 2235 homines
510 2175 595 2234 claris
609 2175 776 2234 nominibus
792 2176 954 2252 insignitos
965 2193 1091 2253 quorum
1102 2175 1218 2234 animae

166 2274 197 2331 in
211 2274 336 2333 lacteum
350 2274 490 2333 circulum
505 2274 566 2333 siue
580 2273 725 2351 galaxiam
746 2273 939 2333 credebantur
957 2274 1117 2350 peruenire.
1160 2273 1219 2330 Ita-

166 2389 224 2448 que
246 2370 419 2431 Africanum
441 2372 546 2431 Cicero
569 2371 618 2450 (de
644 2370 719 2448 Rep.
736 2372 772 2429 vi.
792 2369 855 2449 fin.)
880 2373 1021 2431 maiorem
1045 2381 1073 2429 et
1094 2370 1218 2428 Paulum

167 2479 280 2547 patrem
300 2471 421 2530 minoris
435 2469 564 2529 Africani
578 2488 646 2529 cum
665 2470 723 2530 hoc
742 2468 809 2530 fecit
827 2470 1026 2547 colloquentes
1046 2470 1075 2528 in
1093 2460 1218 2546 galaxia.

168 2566 303 2640 Quorum
318 2568 426 2627 Paulus
446 2568 519 2629 haec
538 2568 596 2627 filio
612 2586 665 2627 suo
681 2567 781 2628 dicens
802 2568 955 2640 inducitur,
971 2565 1032 2647 (16.
1050 2565 1098 2646 15)
1113 2587 1144 2625 ea
1158 2569 1219 2625 uita

168 2664 305 2745 (iustitiae
322 2677 351 2726 et
373 2665 501 2747 pietatis)
516 2668 565 2724 ue'a
582 2675 624 2725 est
642 2669 673 2725 in
692 2668 797 2725 caelum
816 2674 843 2725 et
857 2669 887 2726 in
905 2668 980 2724 hunc
997 2673 1098 2725 coetum
1115 2682 1219 2736 corun,

167 2767 292 2842 quitiam
315 2767 455 2825 aixerunt
476 2772 503 2824 et
524 2776 636 2841 corpore
657 2767 758 2825 laxati
778 2768 858 2824 illum
886 2765 1011 2824 encolunt
1032 2767 1119 2823 lacurn
1141 2783 1219 2840 quern

168 2863 269 2924 uides:
290 2863 365 2923 filius
379 2875 485 2933 autem,
500 2874 531 2923 ut
545 2882 563 2923 a
577 2881 683 2924 somno
698 2864 863 2923 recordatus
882 2875 925 2922 cst
946 2864 988 2922 sic
1010 2863 1108 2922 locum
1125 2862 1221 2940 pergit

169 2963 351 3022 describere:
372 2971 435 3022 erat
442 2971 532 3022 autem
543 2965 570 3021 is
582 2964 801 3039 splendza’rsseino
810 2963 929 3021 candore
939 2963 1011 3020 enter
1015 2963 1152 3040 flammas
1162 2963 1220 3019 cir·

169 3081 218 3120 cus
231 3063 345 3134 elucens,
359 3081 437 3138 quern
451 3081 509 3133 uos,
524 3067 556 3118 ut
570 3080 589 3119 a
608 3060 698 3120 Graes
711 3063 862 3137 accepistis,
877 3060 966 3118 orbem
986 3061 1100 3118 helenen
1114 3079 1220 3118 nuncu-

166 3161 251 3235 patis.
293 3160 383 3219 Hunc
404 3169 498 3220 totum
519 3160 617 3218 locum
636 3159 673 3218 de
694 3160 811 3220 somnio
833 3159 978 3235 Scipionis
998 3157 1149 3218 Manilio*
1166 3158 1220 3217 ob-

156 3266 317 3317 uersatum
343 3259 432 3318 credo
455 3269 484 3318 et
507 3257 576 3316 hinc
604 3258 661 3317 dici
685 3260 798 3317 nonina
825 3256 995 3332 Corporibus
1018 3259 1137 3316 resoluta
1160 3258 1221 3315 sur's

169 3363 313 3431 terraeque
325 3358 440 3414 remissa
454 3355 588 3415 uidelicet
601 3375 638 3415 ex
657 3357 728 3416 orbe
743 3375 796 3416 suo
814 3357 863 3414 ubi
880 3357 910 3413 in
924 3357 1006 3415 terris
1019 3355 1220 3414 habitauerant

170 3455 312 3530 migrasse
326 3454 356 3512 in
369 3455 495 3514 lacteum
509 3454 657 3513 circulum.
699 3455 778 3514 Nam
792 3455 822 3512 in
837 3473 873 3513 eo
891 3455 997 3512 multus
1014 3465 1057 3513 est
1071 3453 1174 3513 Cicero
1188 3461 1220 3510 ut

169 3552 208 3612 de
240 3553 300 3611 uita
327 3552 383 3613 hac
411 3553 527 3612 mortali
552 3564 692 3632 tanquam
720 3571 844 3625 carcere,
870 3553 906 3613 de
932 3571 1056 3631 corpore
1080 3562 1220 3627 tanquam

202 3752 218 3784 ¹¹
234 3753 306 3803 Idem
329 3752 450 3803 intellexit
471 3753 601 3804 Lansonus
623 3754 654 3803 de
677 3753 767 3802 Manil.
788 3755 858 3803 Poet.
881 3770 906 3818 p.
929 3768 960 3817 39
984 3754 1065 3801 ‘Ante
1087 3750 1220 3800 Manilium

171 3826 255 3870 autem
267 3819 307 3870 cui
320 3819 415 3883 placuit
426 3820 511 3869 eadem
527 3820 646 3884 suspicari
658 3835 688 3868 ac
699 3822 811 3884 speraret
845 3820 870 3866 N
872 3836 905 3869 on
917 3835 974 3868 sane
986 3819 1060 3867 alicui
1072 3818 1220 3878 Stoicorum,

171 3886 216 3937 sed
226 3886 342 3936 Ciceroni
354 3885 425 3935 cuius
435 3886 558 3935 somnium
571 3885 694 3952 Scipionis
701 3885 762 3933 mihi
775 3884 872 3935 videtur
883 3886 1005 3934 Manilius
1015 3899 1067 3932 esse
1079 3881 1205 3934 imitatus!
1291 3936 1293 3941 ,

676 3971 724 4011 C2
