2760 4448
445 1265 801 1342 CONSPECTVS
836 1268 1101 1342 CODlCVM.

222 1554 223 1557 ¹
283 1536 389 1590 Gembl.
408 1538 485 1592 Olim
503 1538 665 1594 monasterii
686 1539 899 1594 Gemblacensis
919 1539 947 1594 in
966 1539 1073 1608 Belgia‚
1090 1555 1165 1592 nunc
1181 1537 1296 1590 Bruxel-

353 1620 438 1674 lensis
461 1621 653 1676 Bibliothecae
672 1622 789 1691 Regiae,
808 1640 924 1676 numero
946 1637 1031 1676 10012
1050 1631 1172 1675 notatus.
1208 1619 1297 1673 Foliis

357 1718 443 1758 1-100
465 1703 575 1759 Manilii
595 1705 801 1771 Astronomica‚
820 1705 933 1775 reliquis
954 1703 1090 1765 Prisciani
1110 1702 1296 1758 Grammatici

356 1786 516 1855 Periegesin
529 1788 661 1842 continet.
699 1790 933 1842 Membranaceus
946 1798 996 1852 est,
1009 1805 1080 1842 saec.
1091 1806 1108 1840 x
1121 1795 1238 1841 exeunte
1251 1786 1295 1839 uel

353 1869 380 1922 xi
403 1869 515 1924 ineunte
537 1871 657 1940 scriptus
682 1871 847 1938 (Bechertus
868 1872 901 1924 de
919 1873 963 1924 M.
982 1871 1107 1923 Manilii
1129 1869 1299 1922 emendandi
1365 1859 1367 1864 ¹

354 1955 465 2006 ratione
481 1971 508 2022 p.
520 1969 547 2020 4,
560 1955 607 2008 ubi
621 1964 663 2008 est
676 1954 785 2024 plenior
797 1953 902 2008 codicis
919 1953 1035 2008 notitia:
1055 1953 1089 2006 cf.
1105 1954 1135 2006 P.
1149 1951 1296 2005 Thomasii

296 2100 298 2104 v
354 2037 507 2091 Lucubrat.
519 2037 625 2091 Manil.
638 2055 685 2106 pp.
702 2052 742 2105 13,
755 2037 807 2104 14).
840 2039 944 2090 Totum
957 2035 1083 2090 codicem
1096 2051 1160 2088 cum
1173 2034 1298 2088 editione

356 2121 401 2173 Fr.
428 2120 521 2174 Iacobi
553 2121 668 2174 contulit
699 2138 788 2190 nuper
819 2122 921 2174 Paulus
952 2117 1121 2173 Thomasius
1154 2118 1299 2171 Professor

355 2203 572 2269 Gandauensis3
600 2222 671 2273 quae
696 2204 806 2258 collatio
830 2204 906 2258 edita
930 2213 973 2256 est
997 2201 1026 2255 in
1048 2200 1181 2255 fasciculo
1206 2199 1298 2269 primo

356 2286 584 2340 dissertationum
597 2287 655 2341 eius
669 2287 863 2341 Vniuersitatis
879 2303 955 2340 anno
971 2285 1046 2339 1888.
1087 2286 1151 2354 Ipse
1170 2283 1297 2337 codicem

355 2369 462 2439 inspexi
477 2370 612 2424 Bruxellis
625 2387 721 2424 mense
734 2369 822 2440 Aprili
836 2370 902 2423 anni
918 2369 995 2436 1890.

287 2453 350 2506 Cur.
373 2454 501 2507 Cusanus
520 2454 586 2506 olim
596 2451 613 2521 ¹,
632 2471 706 2507 nunc
727 2449 1039 2522 Bruxellensis10699²,
1056 2451 1297 2516 membranaceus,

357 2538 467 2590 saeculo
482 2537 518 2590 xii
536 2536 654 2606 scriptus
673 2539 826 2591 secundum
840 2537 992 2590 Oehlerum
1010 2535 1037 2587 in
1055 2535 1140 2604 praef.
1154 2535 1197 2587 ed.
1213 2534 1299 2585 Iacob

355 2637 381 2688 p.
400 2618 436 2672 ix.
474 2621 549 2673 Inter
567 2620 655 2673 multa
672 2620 728 2673 alia
746 2613 831 2674 habet
851 2617 1000 2673 Manilium
1018 2619 1065 2670 fol.
1081 2630 1210 2682 107-122‚
1223 2614 1298 2668 binis

356 2703 502 2770 columnis,
522 2702 658 2772 scriptura
679 2703 794 2770 minuta,
816 2712 974 2758 atramento
995 2718 1197 2770 nonnunquam
1219 2697 1298 2767 palli-

356 2786 442 2852 diore,
455 2802 657 2855 nonnunquam
674 2786 777 2840 uiuido.
813 2787 937 2855 Vtraque
956 2785 1087 2838 columna
1106 2799 1236 2837 uersuum
1256 2791 1299 2834 est

356 2871 391 2935 69
403 2869 446 2923 uel
460 2882 501 2936 70.

320 2953 395 3006 Ante
414 2969 440 3006 u.
456 2968 466 3006 1
482 2953 544 3006 libri
560 2954 571 3004 l
588 2953 697 3006 titulum
714 2952 800 3006 habet
817 2952 907 3006 hunc:
927 2952 1026 3005 Arati·
1029 2950 1195 3021 philosophi
1209 2955 1299 3000 astro·

283 3091 292 3121 ¹
310 3094 416 3143 Videtur
427 3111 457 3143 ex
468 3095 621 3144 bibliotheca
632 3095 773 3159 prouenisse
785 3109 860 3156 quam
872 3093 953 3142 Cusae
964 3093 989 3140 in
1002 3091 1124 3140 Mosellae
1135 3091 1220 3139 dextra
1235 3091 1298 3153 ripa,

250 3158 408 3208 Treuirorum
417 3160 442 3208 in
453 3161 585 3220 territorio,
595 3176 643 3208 non
656 3160 730 3223 longe
742 3160 774 3207 ab
787 3159 882 3222 oppido
891 3159 1047 3217 Bernkastel,
1057 3157 1169 3207 condidit
1180 3156 1300 3203 Nicolaus

250 3225 389 3288 Episcopus
398 3225 539 3285 Brixiensis,
547 3226 614 3275 idem
623 3225 772 3284 Cardinalis,
785 3226 902 3274 Cusanus
913 3240 944 3272 ex
955 3223 1032 3271 natali
1042 3224 1099 3271 uico
1111 3223 1300 3284 cognominatus

252 3289 431 3353 (1401-1464).
465 3291 524 3339 Non
547 3300 583 3339 est
603 3291 703 3355 quidem
727 3292 789 3340 inter
812 3290 910 3340 codices
932 3289 985 3338 eius
1007 3288 1172 3338 bibliothecae
1195 3302 1299 3349 quorum

156 3390 159 3399 r
250 3356 402 3419 Catalogum
413 3356 493 3406 edidit
506 3357 650 3406 Franciscus
662 3358 754 3406 Xauier
765 3357 847 3404 Kraus
858 3357 883 3404 in
895 3355 1003 3418 Serapeo
1015 3359 1049 3414 (a.
1064 3351 1136 3414 1864,
1149 3351 1238 3413 1865):
1256 3351 1299 3399 sed

250 3428 333 3470 extare
355 3421 381 3469 in
403 3421 557 3472 bibliotheca
576 3422 734 3485 Burgundios
754 3421 884 3480 Bruxellis,
905 3437 967 3484 quae
986 3420 1073 3469 eadem
1096 3433 1160 3466 nunc
1182 3425 1219 3465 est
1242 3431 1299 3480 pars

251 3486 420 3536 Bibliothecae
430 3487 530 3551 Regiae,
540 3488 634 3536 multos
645 3488 743 3536 codices
751 3488 793 3550 qui
806 3487 831 3534 in
841 3488 939 3535 Cusaua
948 3486 973 3533 N
974 3485 1049 3534 icolai
1061 3483 1187 3548 quondam
1196 3483 1298 3539 fuerant,

250 3560 354 3682 {esssppltlplr
361 3553 489 3679 1lg>6s6ephus
501 3554 576 3601 Klein
593 3553 710 3601 tiberem
722 3550 892 3614 Handscltrtst
908 3552 947 3599 des
963 3551 1084 3599 Nicolaus
1100 3565 1149 3598 von
1168 3550 1230 3597 Cues
1247 3564 1271 3611 p.
1286 3560 1300 3607 3

283 3708 293 3736 ²
309 3709 336 3757 P.
359 3721 407 3769 114
426 3707 499 3757 Tom.
518 3708 530 3754 I
551 3706 667 3771 Catalogi
688 3706 859 3756 Bibliothecae
877 3706 971 3769 Regiae
990 3705 1082 3753 ducum
1100 3703 1299 3766 Burgundiorum

253 3773 403 3837 (catalogue
423 3773 466 3822 des
484 3773 549 3821 MSS
566 3773 596 3820 de
616 3773 642 3822 la
660 3771 832 3837 bibliothbque
852 3773 935 3836 royale
955 3771 998 3820 des
1015 3771 1075 3820 dues
1094 3771 1125 3820 de
1143 3771 1298 3832 Bourgogne,

251 3839 378 3888 Bruxelles
390 3847 414 3889 et
425 3839 537 3903 Leipzig,
552 3839 634 3902 1842).
