<?xml version="1.0" encoding="UTF-8"?>
<!DOCTYPE html PUBLIC "-//W3C//DTD XHTML 1.0 Transitional//EN"
    "http://www.w3.org/TR/xhtml1/DTD/xhtml1-transitional.dtd">
<html xmlns="http://www.w3.org/1999/xhtml" xml:lang="en" lang="en">
 <head>
  <title>
</title>
<meta http-equiv="Content-Type" content="text/html;charset=utf-8" />
  <meta name='ocr-system' content='tesseract 3.04.00' />
  <meta name='ocr-capabilities' content='ocr_page ocr_carea ocr_par ocr_line ocrx_word'/>
</head>
<body>
  <div class='ocr_page' id='page_1' title='image "./noctesmaniliana00elligoog/noctesmaniliana00elligoog_0179.png"; bbox 0 0 2760 4448; ppageno 0'>
   <div class='ocr_carea' id='block_1_1' title="bbox 248 273 980 354">
    <p class='ocr_par' dir='ltr' id='par_1_1' title="bbox 248 273 980 354">
     <span class='ocr_line' id='line_1_1' title="bbox 248 273 980 354; baseline -0.004 -17"><span class='ocrx_word' id='word_1_1' title='bbox 248 273 309 354; x_wconf 85' lang='lat'>158</span> <span class='ocrx_word' id='word_1_2' title='bbox 561 286 709 336; x_wconf 70' lang='lat' dir='ltr'>noeros</span> <span class='ocrx_word' id='word_1_3' title='bbox 729 285 980 336; x_wconf 71' lang='lat' dir='ltr'>Maurarrnma</span> 
     </span>
    </p>
   </div>
   <div class='ocr_carea' id='block_1_2' title="bbox 245 452 1299 1317">
    <p class='ocr_par' dir='ltr' id='par_1_2' title="bbox 245 452 1299 1317">
     <span class='ocr_line' id='line_1_2' title="bbox 286 452 870 531; baseline -0.002 -19"><span class='ocrx_word' id='word_1_4' title='bbox 286 454 339 512; x_wconf 91' lang='lat' dir='ltr'>IV.</span> <span class='ocrx_word' id='word_1_5' title='bbox 355 456 496 531; x_wconf 90' lang='lat'>918-919</span> <span class='ocrx_word' id='word_1_6' title='bbox 511 452 552 512; x_wconf 88' lang='lat' dir='ltr'>sic</span> <span class='ocrx_word' id='word_1_7' title='bbox 567 462 666 512; x_wconf 83' lang='lat' dir='ltr'><strong>extant</strong></span> <span class='ocrx_word' id='word_1_8' title='bbox 680 455 710 512; x_wconf 89' lang='lat' dir='ltr'>in</span> <span class='ocrx_word' id='word_1_9' title='bbox 725 452 842 512; x_wconf 90' lang='lat' dir='ltr'>Gembl.</span> <span class='ocrx_word' id='word_1_10' title='bbox 862 466 870 472; x_wconf 82' lang='grc'><em>·</em></span> 
     </span>
     <span class='ocr_line' id='line_1_3' title="bbox 369 549 1118 628; baseline 0.001 -19"><span class='ocrx_word' id='word_1_11' title='bbox 369 552 410 611; x_wconf 88' lang='lat' dir='ltr'>Vt</span> <span class='ocrx_word' id='word_1_12' title='bbox 430 552 505 610; x_wconf 93' lang='lat' dir='ltr'>bene</span> <span class='ocrx_word' id='word_1_13' title='bbox 526 552 666 627; x_wconf 85' lang='lat' dir='ltr'>cognosci</span> <span class='ocrx_word' id='word_1_14' title='bbox 688 552 780 628; x_wconf 85' lang='lat' dir='ltr'><strong>possit</strong></span> <span class='ocrx_word' id='word_1_15' title='bbox 801 551 963 628; x_wconf 86' lang='lat' dir='ltr'>doceatque</span> <span class='ocrx_word' id='word_1_16' title='bbox 983 549 1118 610; x_wconf 92' lang='lat' dir='ltr'>uidendis</span> 
     </span>
     <span class='ocr_line' id='line_1_4' title="bbox 369 649 1105 725; baseline -0.003 -17"><span class='ocrx_word' id='word_1_17' title='bbox 369 649 472 722; x_wconf 90' lang='lat' dir='ltr'>Qualis</span> <span class='ocrx_word' id='word_1_18' title='bbox 493 659 555 708; x_wconf 91' lang='lat' dir='ltr'>erat</span> <span class='ocrx_word' id='word_1_19' title='bbox 576 649 737 725; x_wconf 83' lang='lat' dir='ltr'>doceatque</span> <span class='ocrx_word' id='word_1_20' title='bbox 757 667 824 708; x_wconf 92' lang='lat' dir='ltr'>suas</span> <span class='ocrx_word' id='word_1_21' title='bbox 845 649 994 707; x_wconf 89' lang='lat' dir='ltr'>attendere</span> <span class='ocrx_word' id='word_1_22' title='bbox 1015 649 1105 725; x_wconf 91' lang='lat' dir='ltr'>leges.</span> 
     </span>
     <span class='ocr_line' id='line_1_5' title="bbox 287 747 1299 836; baseline -0.002 -28"><span class='ocrx_word' id='word_1_23' title='bbox 287 753 347 826; x_wconf 88' lang='lat'>918</span> <span class='ocrx_word' id='word_1_24' title='bbox 368 749 493 807; x_wconf 86' lang='lat' dir='ltr'>uidentis</span> <span class='ocrx_word' id='word_1_25' title='bbox 504 748 641 825; x_wconf 82' lang='lat' dir='ltr'>Herz‘ngo</span> <span class='ocrx_word' id='word_1_26' title='bbox 656 748 799 836; x_wconf 58' lang='lat' dir='ltr'>Obsesual.</span> <span class='ocrx_word' id='word_1_27' title='bbox 810 758 842 824; x_wconf 84' lang='lat' dir='ltr'>p.</span> <span class='ocrx_word' id='word_1_28' title='bbox 857 750 913 806; x_wconf 83' lang='lat'>1-62</span> <span class='ocrx_word' id='word_1_29' title='bbox 948 747 1075 807; x_wconf 90' lang='lat' dir='ltr'>uidendo</span> <span class='ocrx_word' id='word_1_30' title='bbox 1090 748 1106 806; x_wconf 89' lang='lat' dir='ltr'><em>b</em></span> <span class='ocrx_word' id='word_1_31' title='bbox 1121 767 1144 806; x_wconf 90' lang='lat' dir='ltr'>o.</span> <span class='ocrx_word' id='word_1_32' title='bbox 1176 766 1235 822; x_wconf 89' lang='lat'>919</span> <span class='ocrx_word' id='word_1_33' title='bbox 1252 757 1299 806; x_wconf 89' lang='lat' dir='ltr'>eat</span> 
     </span>
     <span class='ocr_line' id='line_1_6' title="bbox 245 846 585 924; baseline -0.006 -18"><span class='ocrx_word' id='word_1_34' title='bbox 245 848 291 906; x_wconf 84' lang='lat' dir='ltr'>bo</span> <span class='ocrx_word' id='word_1_35' title='bbox 332 856 478 924; x_wconf 90' lang='lat' dir='ltr'>cogatque</span> <span class='ocrx_word' id='word_1_36' title='bbox 500 846 585 905; x_wconf 69' lang='lat' dir='ltr'>Voss.²</span> 
     </span>
     <span class='ocr_line' id='line_1_7' title="bbox 288 943 1028 1024; baseline -0.007 -17"><span class='ocrx_word' id='word_1_37' title='bbox 288 946 408 1024; x_wconf 86' lang='lat' dir='ltr'>Optime</span> <span class='ocrx_word' id='word_1_38' title='bbox 424 946 520 1004; x_wconf 85' lang='lat' dir='ltr'>locum</span> <span class='ocrx_word' id='word_1_39' title='bbox 536 945 698 1004; x_wconf 89' lang='lat' dir='ltr'>retractauit</span> <span class='ocrx_word' id='word_1_40' title='bbox 717 945 859 1022; x_wconf 89' lang='lat' dir='ltr'>Heringa‚</span> <span class='ocrx_word' id='word_1_41' title='bbox 875 943 1028 1003; x_wconf 91' lang='lat' dir='ltr'>scribendo</span> 
     </span>
     <span class='ocr_line' id='line_1_8' title="bbox 368 1038 1109 1122; baseline -0.004 -24"><span class='ocrx_word' id='word_1_42' title='bbox 368 1039 409 1122; x_wconf 68' lang='lat' dir='ltr'>Vt</span> <span class='ocrx_word' id='word_1_43' title='bbox 430 1041 505 1099; x_wconf 93' lang='lat' dir='ltr'>bene</span> <span class='ocrx_word' id='word_1_44' title='bbox 527 1041 667 1116; x_wconf 85' lang='lat' dir='ltr'>cognosci</span> <span class='ocrx_word' id='word_1_45' title='bbox 688 1041 779 1116; x_wconf 88' lang='lat' dir='ltr'>possit</span> <span class='ocrx_word' id='word_1_46' title='bbox 800 1040 962 1115; x_wconf 88' lang='lat' dir='ltr'>doceatque</span> <span class='ocrx_word' id='word_1_47' title='bbox 982 1038 1109 1097; x_wconf 90' lang='lat' dir='ltr'>uidentis</span> 
     </span>
     <span class='ocr_line' id='line_1_9' title="bbox 369 1136 1071 1214; baseline -0.003 -19"><span class='ocrx_word' id='word_1_48' title='bbox 369 1138 472 1210; x_wconf 88' lang='lat' dir='ltr'>Qualis</span> <span class='ocrx_word' id='word_1_49' title='bbox 495 1150 542 1197; x_wconf 90' lang='lat' dir='ltr'>eat</span> <span class='ocrx_word' id='word_1_50' title='bbox 562 1148 706 1214; x_wconf 85' lang='lat' dir='ltr'>cogatque</span> <span class='ocrx_word' id='word_1_51' title='bbox 728 1156 794 1196; x_wconf 90' lang='lat' dir='ltr'>suas</span> <span class='ocrx_word' id='word_1_52' title='bbox 815 1138 962 1196; x_wconf 90' lang='lat' dir='ltr'>attendere</span> <span class='ocrx_word' id='word_1_53' title='bbox 984 1136 1071 1213; x_wconf 90' lang='lat' dir='ltr'>leges.</span> 
     </span>
     <span class='ocr_line' id='line_1_10' title="bbox 249 1231 1105 1317; baseline -0.005 -21"><span class='ocrx_word' id='word_1_54' title='bbox 249 1233 345 1317; x_wconf 76' lang='lat' dir='ltr'>[idem</span> <span class='ocrx_word' id='word_1_55' title='bbox 360 1257 453 1314; x_wconf 87' lang='lat' dir='ltr'>nuper</span> <span class='ocrx_word' id='word_1_56' title='bbox 468 1236 611 1296; x_wconf 90' lang='lat' dir='ltr'>Breiterus</span> <span class='ocrx_word' id='word_1_57' title='bbox 625 1256 661 1296; x_wconf 86' lang='lat' dir='ltr'>ex</span> <span class='ocrx_word' id='word_1_58' title='bbox 675 1237 792 1315; x_wconf 85' lang='lat' dir='ltr'>propria</span> <span class='ocrx_word' id='word_1_59' title='bbox 807 1237 903 1314; x_wconf 88' lang='lat' dir='ltr'>posuit</span> <span class='ocrx_word' id='word_1_60' title='bbox 918 1231 1105 1316; x_wconf 84' lang='lat' dir='ltr'>coniectura]</span> 
     </span>
    </p>
   </div>
   <div class='ocr_carea' id='block_1_3' title="bbox 690 1786 841 1847">
    <p class='ocr_par' dir='ltr' id='par_1_3' title="bbox 690 1786 841 1847">
     <span class='ocr_line' id='line_1_11' title="bbox 690 1786 841 1847; baseline -0.02 0"><span class='ocrx_word' id='word_1_61' title='bbox 690 1786 783 1847; x_wconf 76' lang='lat' dir='ltr'><strong>.LIB.</strong></span> <span class='ocrx_word' id='word_1_62' title='bbox 804 1786 841 1845; x_wconf 92' lang='lat' dir='ltr'>V.</span> 
     </span>
    </p>
   </div>
   <div class='ocr_carea' id='block_1_4' title="bbox 249 1981 1302 2747">
    <p class='ocr_par' dir='ltr' id='par_1_4' title="bbox 289 1981 400 2056">
     <span class='ocr_line' id='line_1_12' title="bbox 289 1981 400 2056; baseline 0 0"><span class='ocrx_word' id='word_1_63' title='bbox 289 1981 327 2040; x_wconf 85' lang='lat' dir='ltr'>V·</span> <span class='ocrx_word' id='word_1_64' title='bbox 343 1995 400 2056; x_wconf 81' lang='lat'>5-7</span> 
     </span>
    </p>

    <p class='ocr_par' dir='ltr' id='par_1_5' title="bbox 370 2077 1134 2156">
     <span class='ocr_line' id='line_1_13' title="bbox 370 2077 1134 2156; baseline 0 -19"><span class='ocrx_word' id='word_1_65' title='bbox 370 2080 415 2138; x_wconf 94' lang='lat' dir='ltr'>Ac</span> <span class='ocrx_word' id='word_1_66' title='bbox 436 2096 490 2156; x_wconf 89' lang='lat' dir='ltr'>per</span> <span class='ocrx_word' id='word_1_67' title='bbox 510 2078 685 2138; x_wconf 89' lang='lat' dir='ltr'>descensum</span> <span class='ocrx_word' id='word_1_68' title='bbox 705 2077 818 2139; x_wconf 90' lang='lat' dir='ltr'>medios</span> <span class='ocrx_word' id='word_1_69' title='bbox 838 2086 1018 2155; x_wconf 88' lang='lat' dir='ltr'>percurreret</span> <span class='ocrx_word' id='word_1_70' title='bbox 1039 2077 1134 2154; x_wconf 87' lang='lat' dir='ltr'>ignes,</span> 
     </span>
    </p>

    <p class='ocr_par' dir='ltr' id='par_1_6' title="bbox 372 2176 1081 2254">
     <span class='ocr_line' id='line_1_14' title="bbox 372 2176 1081 2254; baseline -0.003 -18"><span class='ocrx_word' id='word_1_71' title='bbox 372 2177 486 2236; x_wconf 86' lang='lat' dir='ltr'>Saturni</span> <span class='ocrx_word' id='word_1_72' title='bbox 507 2177 588 2237; x_wconf 92' lang='lat' dir='ltr'>Iouis</span> <span class='ocrx_word' id='word_1_73' title='bbox 608 2188 637 2236; x_wconf 88' lang='lat' dir='ltr'>et</span> <span class='ocrx_word' id='word_1_74' title='bbox 659 2176 763 2236; x_wconf 90' lang='lat' dir='ltr'>Martis</span> <span class='ocrx_word' id='word_1_75' title='bbox 786 2177 927 2254; x_wconf 86' lang='lat' dir='ltr'>Solisque,</span> <span class='ocrx_word' id='word_1_76' title='bbox 950 2178 1005 2235; x_wconf 90' lang='lat' dir='ltr'>sub</span> <span class='ocrx_word' id='word_1_77' title='bbox 1025 2177 1081 2235; x_wconf 93' lang='lat' dir='ltr'>illis</span> 
     </span>
    </p>

    <p class='ocr_par' dir='ltr' id='par_1_7' title="bbox 249 2274 1302 2544">
     <span class='ocr_line' id='line_1_15' title="bbox 371 2274 1253 2352; baseline -0.001 -17"><span class='ocrx_word' id='word_1_78' title='bbox 371 2277 442 2336; x_wconf 92' lang='lat' dir='ltr'>Post</span> <span class='ocrx_word' id='word_1_79' title='bbox 463 2276 609 2336; x_wconf 88' lang='lat' dir='ltr'>Venerem</span> <span class='ocrx_word' id='word_1_80' title='bbox 630 2286 660 2336; x_wconf 91' lang='lat' dir='ltr'>et</span> <span class='ocrx_word' id='word_1_81' title='bbox 682 2275 762 2335; x_wconf 88' lang='lat' dir='ltr'>Maia</span> <span class='ocrx_word' id='word_1_82' title='bbox 783 2285 884 2334; x_wconf 88' lang='lat' dir='ltr'>natum</span> <span class='ocrx_word' id='word_1_83' title='bbox 905 2284 942 2346; x_wconf 88' lang='lat' dir='ltr'>te,</span> <span class='ocrx_word' id='word_1_84' title='bbox 965 2274 1060 2346; x_wconf 92' lang='lat' dir='ltr'>Luna,</span> <span class='ocrx_word' id='word_1_85' title='bbox 1082 2284 1253 2352; x_wconf 85' lang='lat' dir='ltr'>uagantem.</span> 
     </span>
     <span class='ocr_line' id='line_1_16' title="bbox 250 2374 1302 2452; baseline -0.002 -17"><span class='ocrx_word' id='word_1_86' title='bbox 250 2377 298 2435; x_wconf 90' lang='lat' dir='ltr'>Sic</span> <span class='ocrx_word' id='word_1_87' title='bbox 312 2374 393 2436; x_wconf 92' lang='lat' dir='ltr'>locus</span> <span class='ocrx_word' id='word_1_88' title='bbox 407 2375 629 2452; x_wconf 89' lang='lat' dir='ltr'>distinguendus</span> <span class='ocrx_word' id='word_1_89' title='bbox 646 2384 717 2448; x_wconf 89' lang='lat' dir='ltr'>erat,</span> <span class='ocrx_word' id='word_1_90' title='bbox 733 2393 793 2435; x_wconf 90' lang='lat' dir='ltr'>non</span> <span class='ocrx_word' id='word_1_91' title='bbox 811 2384 844 2433; x_wconf 93' lang='lat' dir='ltr'>ut</span> <span class='ocrx_word' id='word_1_92' title='bbox 861 2374 952 2450; x_wconf 92' lang='lat' dir='ltr'>uulgo</span> <span class='ocrx_word' id='word_1_93' title='bbox 972 2374 1143 2434; x_wconf 84' lang='lat' dir='ltr'>factumest</span> <span class='ocrx_word' id='word_1_94' title='bbox 1163 2384 1232 2452; x_wconf 89' lang='lat' dir='ltr'>post</span> <span class='ocrx_word' id='word_1_95' title='bbox 1251 2374 1302 2433; x_wconf 88' lang='lat' dir='ltr'>sub</span> 
     </span>
     <span class='ocr_line' id='line_1_17' title="bbox 249 2473 892 2544; baseline -0.005 -11"><span class='ocrx_word' id='word_1_96' title='bbox 249 2476 316 2534; x_wconf 70' lang='lat' dir='ltr'>illei.</span> <span class='ocrx_word' id='word_1_97' title='bbox 358 2474 501 2533; x_wconf 89' lang='lat' dir='ltr'>Simillimi</span> <span class='ocrx_word' id='word_1_98' title='bbox 515 2484 582 2533; x_wconf 90' lang='lat' dir='ltr'>sunt</span> <span class='ocrx_word' id='word_1_99' title='bbox 595 2490 698 2533; x_wconf 91' lang='lat' dir='ltr'>uersus</span> <span class='ocrx_word' id='word_1_100' title='bbox 712 2473 735 2532; x_wconf 93' lang='grc' dir='ltr'>Ι.</span> <span class='ocrx_word' id='word_1_101' title='bbox 752 2476 820 2544; x_wconf 90' lang='lat'>811,</span> <span class='ocrx_word' id='word_1_102' title='bbox 836 2476 892 2531; x_wconf 86' lang='lat'>812</span> 
     </span>
    </p>

    <p class='ocr_par' dir='ltr' id='par_1_8' title="bbox 373 2570 1085 2648">
     <span class='ocr_line' id='line_1_18' title="bbox 373 2570 1085 2648; baseline -0.001 -17"><span class='ocrx_word' id='word_1_103' title='bbox 373 2572 489 2632; x_wconf 87' lang='lat' dir='ltr'>Saturni</span> <span class='ocrx_word' id='word_1_104' title='bbox 509 2573 590 2632; x_wconf 90' lang='lat' dir='ltr'>Iouis</span> <span class='ocrx_word' id='word_1_105' title='bbox 610 2581 639 2630; x_wconf 93' lang='lat' dir='ltr'>et</span> <span class='ocrx_word' id='word_1_106' title='bbox 661 2570 765 2630; x_wconf 89' lang='lat' dir='ltr'>Martis</span> <span class='ocrx_word' id='word_1_107' title='bbox 788 2570 932 2648; x_wconf 88' lang='lat' dir='ltr'>Solisque,</span> <span class='ocrx_word' id='word_1_108' title='bbox 954 2571 1009 2630; x_wconf 93' lang='lat' dir='ltr'>sub</span> <span class='ocrx_word' id='word_1_109' title='bbox 1029 2571 1085 2631; x_wconf 91' lang='lat' dir='ltr'>illis</span> 
     </span>
    </p>

    <p class='ocr_par' dir='ltr' id='par_1_9' title="bbox 373 2667 1223 2747">
     <span class='ocr_line' id='line_1_19' title="bbox 373 2667 1223 2747; baseline 0 -18"><span class='ocrx_word' id='word_1_110' title='bbox 373 2670 536 2731; x_wconf 89' lang='lat' dir='ltr'>Mercurius</span> <span class='ocrx_word' id='word_1_111' title='bbox 557 2670 706 2729; x_wconf 90' lang='lat' dir='ltr'>Venerem</span> <span class='ocrx_word' id='word_1_112' title='bbox 726 2671 802 2729; x_wconf 90' lang='lat' dir='ltr'>inter</span> <span class='ocrx_word' id='word_1_113' title='bbox 822 2671 882 2746; x_wconf 88' lang='lat' dir='ltr'>agit</span> <span class='ocrx_word' id='word_1_114' title='bbox 903 2667 1078 2747; x_wconf 89' lang='lat' dir='ltr'>Lunamque</span> <span class='ocrx_word' id='word_1_115' title='bbox 1099 2670 1223 2730; x_wconf 90' lang='lat' dir='ltr'>locatus.</span> 
     </span>
    </p>
   </div>
   <div class='ocr_carea' id='block_1_5' title="bbox 250 2785 1303 3550">
    <p class='ocr_par' dir='ltr' id='par_1_10' title="bbox 250 2785 1303 3550">
     <span class='ocr_line' id='line_1_20' title="bbox 250 2785 1302 2864; baseline 0 -19"><span class='ocrx_word' id='word_1_116' title='bbox 250 2785 398 2856; x_wconf 87' lang='lat' dir='ltr'>Manilius,</span> <span class='ocrx_word' id='word_1_117' title='bbox 420 2796 580 2864; x_wconf 87' lang='lat' dir='ltr'>postquam</span> <span class='ocrx_word' id='word_1_118' title='bbox 604 2786 754 2862; x_wconf 89' lang='lat' dir='ltr'>signorum</span> <span class='ocrx_word' id='word_1_119' title='bbox 779 2785 887 2861; x_wconf 87' lang='lat' dir='ltr'>figuras</span> <span class='ocrx_word' id='word_1_120' title='bbox 910 2785 1063 2858; x_wconf 90' lang='lat' dir='ltr'>recensuit,</span> <span class='ocrx_word' id='word_1_121' title='bbox 1085 2785 1199 2846; x_wconf 87' lang='lat' dir='ltr'>Oriona</span> <span class='ocrx_word' id='word_1_122' title='bbox 1219 2785 1302 2862; x_wconf 92' lang='lat' dir='ltr'>Argo</span> 
     </span>
     <span class='ocr_line' id='line_1_21' title="bbox 250 2882 1303 2960; baseline 0 -17"><span class='ocrx_word' id='word_1_123' title='bbox 250 2885 379 2943; x_wconf 90' lang='lat' dir='ltr'>Amnem</span> <span class='ocrx_word' id='word_1_124' title='bbox 397 2885 503 2943; x_wconf 91' lang='lat' dir='ltr'>Cetum</span> <span class='ocrx_word' id='word_1_125' title='bbox 520 2884 688 2944; x_wconf 90' lang='lat' dir='ltr'>Draconem</span> <span class='ocrx_word' id='word_1_126' title='bbox 711 2883 816 2942; x_wconf 88' lang='lat' dir='ltr'>Sirium</span> <span class='ocrx_word' id='word_1_127' title='bbox 832 2882 924 2942; x_wconf 87' lang='lat' dir='ltr'>Aram</span> <span class='ocrx_word' id='word_1_128' title='bbox 937 2884 1076 2960; x_wconf 85' lang='lat' dir='ltr'>Anguem</span> <span class='ocrx_word' id='word_1_129' title='bbox 1097 2903 1165 2943; x_wconf 89' lang='lat' dir='ltr'>curn</span> <span class='ocrx_word' id='word_1_130' title='bbox 1188 2883 1303 2943; x_wconf 91' lang='lat' dir='ltr'>duabus</span> 
     </span>
     <span class='ocr_line' id='line_1_22' title="bbox 252 2981 1303 3058; baseline -0.001 -18"><span class='ocrx_word' id='word_1_131' title='bbox 252 2981 348 3040; x_wconf 83' lang='lat' dir='ltr'>Arctis</span> <span class='ocrx_word' id='word_1_132' title='bbox 363 2981 504 3058; x_wconf 90' lang='lat' dir='ltr'>Aurigam</span> <span class='ocrx_word' id='word_1_133' title='bbox 519 2981 634 3041; x_wconf 87' lang='lat' dir='ltr'>Booten</span> <span class='ocrx_word' id='word_1_134' title='bbox 648 2981 800 3041; x_wconf 89' lang='lat' dir='ltr'>Coronam</span> <span class='ocrx_word' id='word_1_135' title='bbox 814 2981 959 3041; x_wconf 90' lang='lat' dir='ltr'>Ariadnes</span> <span class='ocrx_word' id='word_1_136' title='bbox 972 2981 1080 3040; x_wconf 87' lang='lat' dir='ltr'>Persea</span> <span class='ocrx_word' id='word_1_137' title='bbox 1090 2981 1303 3041; x_wconf 87' lang='lat' dir='ltr'>Andromeden</span> 
     </span>
     <span class='ocr_line' id='line_1_23' title="bbox 251 3079 1302 3157; baseline 0 -19"><span class='ocrx_word' id='word_1_138' title='bbox 251 3098 319 3138; x_wconf 90' lang='lat' dir='ltr'>cum</span> <span class='ocrx_word' id='word_1_139' title='bbox 328 3081 496 3156; x_wconf 90' lang='lat' dir='ltr'>parentibus</span> <span class='ocrx_word' id='word_1_140' title='bbox 507 3079 628 3157; x_wconf 89' lang='lat' dir='ltr'>Cepheo</span> <span class='ocrx_word' id='word_1_141' title='bbox 638 3088 667 3138; x_wconf 90' lang='lat' dir='ltr'>et</span> <span class='ocrx_word' id='word_1_142' title='bbox 676 3079 825 3156; x_wconf 91' lang='lat' dir='ltr'>Cassiepia</span> <span class='ocrx_word' id='word_1_143' title='bbox 833 3081 953 3157; x_wconf 91' lang='lat' dir='ltr'>Equum</span> <span class='ocrx_word' id='word_1_144' title='bbox 961 3080 1141 3157; x_wconf 89' lang='lat' dir='ltr'>Delphinum</span> <span class='ocrx_word' id='word_1_145' title='bbox 1151 3079 1302 3157; x_wconf 86' lang='lat' dir='ltr'>Cygnum,</span> 
     </span>
     <span class='ocr_line' id='line_1_24' title="bbox 251 3176 994 3258; baseline 0.001 -22"><span class='ocrx_word' id='word_1_146' title='bbox 251 3178 324 3237; x_wconf 90' lang='lat' dir='ltr'>haec</span> <span class='ocrx_word' id='word_1_147' title='bbox 338 3177 419 3237; x_wconf 88' lang='lat' dir='ltr'>addit</span> <span class='ocrx_word' id='word_1_148' title='bbox 432 3178 473 3237; x_wconf 89' lang='lat' dir='ltr'>uti</span> <span class='ocrx_word' id='word_1_149' title='bbox 489 3180 595 3255; x_wconf 89' lang='lat' dir='ltr'>scripta</span> <span class='ocrx_word' id='word_1_150' title='bbox 609 3187 677 3236; x_wconf 91' lang='lat' dir='ltr'>sunt</span> <span class='ocrx_word' id='word_1_151' title='bbox 690 3180 720 3235; x_wconf 92' lang='lat' dir='ltr'>in</span> <span class='ocrx_word' id='word_1_152' title='bbox 735 3178 852 3237; x_wconf 89' lang='lat' dir='ltr'>Gembl.</span> <span class='ocrx_word' id='word_1_153' title='bbox 868 3176 994 3258; x_wconf 80' lang='lat'>(26-29)</span> 
     </span>
     <span class='ocr_line' id='line_1_25' title="bbox 295 3276 1073 3353; baseline 0 -17"><span class='ocrx_word' id='word_1_154' title='bbox 295 3278 332 3336; x_wconf 84' lang='lat'>26</span> <span class='ocrx_word' id='word_1_155' title='bbox 375 3276 554 3353; x_wconf 90' lang='lat' dir='ltr'>Caeteraque</span> <span class='ocrx_word' id='word_1_156' title='bbox 575 3277 690 3336; x_wconf 86' lang='lat' dir='ltr'>in.toto</span> <span class='ocrx_word' id='word_1_157' title='bbox 711 3278 821 3353; x_wconf 85' lang='lat' dir='ltr'>passim</span> <span class='ocrx_word' id='word_1_158' title='bbox 843 3278 969 3337; x_wconf 88' lang='lat' dir='ltr'>labentia</span> <span class='ocrx_word' id='word_1_159' title='bbox 990 3277 1073 3336; x_wconf 82' lang='lat' dir='ltr'>caelo</span> 
     </span>
     <span class='ocr_line' id='line_1_26' title="bbox 374 3374 1247 3452; baseline 0.001 -19"><span class='ocrx_word' id='word_1_160' title='bbox 374 3374 461 3448; x_wconf 86' lang='lat' dir='ltr'>Quae</span> <span class='ocrx_word' id='word_1_161' title='bbox 481 3375 552 3433; x_wconf 88' lang='lat' dir='ltr'>mihi</span> <span class='ocrx_word' id='word_1_162' title='bbox 572 3394 625 3451; x_wconf 90' lang='lat' dir='ltr'>per</span> <span class='ocrx_word' id='word_1_163' title='bbox 646 3377 778 3452; x_wconf 84' lang='lat' dir='ltr'>proprias</span> <span class='ocrx_word' id='word_1_164' title='bbox 799 3376 875 3435; x_wconf 91' lang='lat' dir='ltr'>uires</span> <span class='ocrx_word' id='word_1_165' title='bbox 897 3387 963 3435; x_wconf 92' lang='lat' dir='ltr'>sunt</span> <span class='ocrx_word' id='word_1_166' title='bbox 984 3385 1090 3434; x_wconf 90' lang='lat' dir='ltr'>cuncta</span> <span class='ocrx_word' id='word_1_167' title='bbox 1111 3375 1247 3434; x_wconf 87' lang='lat' dir='ltr'>canenda</span> 
     </span>
     <span class='ocr_line' id='line_1_27' title="bbox 375 3472 1226 3550; baseline -0.001 -18"><span class='ocrx_word' id='word_1_168' title='bbox 375 3472 457 3544; x_wconf 92' lang='lat' dir='ltr'>Quid</span> <span class='ocrx_word' id='word_1_169' title='bbox 477 3472 593 3532; x_wconf 88' lang='lat' dir='ltr'>ualeant</span> <span class='ocrx_word' id='word_1_170' title='bbox 615 3484 680 3532; x_wconf 90' lang='lat' dir='ltr'>ortu</span> <span class='ocrx_word' id='word_1_171' title='bbox 701 3473 773 3550; x_wconf 93' lang='lat' dir='ltr'>quid</span> <span class='ocrx_word' id='word_1_172' title='bbox 795 3492 862 3533; x_wconf 89' lang='lat' dir='ltr'>cum</span> <span class='ocrx_word' id='word_1_173' title='bbox 884 3484 1055 3550; x_wconf 89' lang='lat' dir='ltr'>merguntur</span> <span class='ocrx_word' id='word_1_174' title='bbox 1075 3473 1107 3531; x_wconf 92' lang='lat' dir='ltr'>in</span> <span class='ocrx_word' id='word_1_175' title='bbox 1127 3472 1226 3532; x_wconf 91' lang='lat' dir='ltr'>undas</span> 
     </span>
    </p>
   </div>
   <div class='ocr_carea' id='block_1_6' title="bbox 252 3556 1306 3945">
    <p class='ocr_par' dir='ltr' id='par_1_11' title="bbox 252 3556 1306 3945">
     <span class='ocr_line' id='line_1_28' title="bbox 374 3556 1213 3650; baseline 0 -21"><span class='ocrx_word' id='word_1_176' title='bbox 374 3572 412 3629; x_wconf 87' lang='lat' dir='ltr'>Et</span> <span class='ocrx_word' id='word_1_177' title='bbox 433 3570 513 3648; x_wconf 95' lang='lat' dir='ltr'>quod</span> <span class='ocrx_word' id='word_1_178' title='bbox 536 3571 572 3629; x_wconf 94' lang='lat' dir='ltr'>de</span> <span class='ocrx_word' id='word_1_179' title='bbox 594 3571 639 3629; x_wconf 92' lang='lat' dir='ltr'>bis</span> <span class='ocrx_word' id='word_1_180' title='bbox 661 3589 711 3630; x_wconf 86' lang='lat' dir='ltr'>sex</span> <span class='ocrx_word' id='word_1_181' title='bbox 733 3573 817 3631; x_wconf 87' lang='lat' dir='ltr'>astris</span> <span class='ocrx_word' id='word_1_182' title='bbox 838 3591 893 3648; x_wconf 89' lang='lat' dir='ltr'>par</span> <span class='ocrx_word' id='word_1_183' title='bbox 913 3590 1051 3650; x_wconf 92' lang='lat' dir='ltr'>quenque</span> <span class='ocrx_word' id='word_1_184' title='bbox 1072 3556 1213 3631; x_wconf 61' lang='lat' dir='ltr'>reducat.&#39;</span> 
     </span>
     <span class='ocr_line' id='line_1_29' title="bbox 296 3668 1306 3748; baseline 0.001 -21"><span class='ocrx_word' id='word_1_185' title='bbox 296 3689 332 3744; x_wconf 90' lang='lat'>29</span> <span class='ocrx_word' id='word_1_186' title='bbox 347 3670 386 3729; x_wconf 91' lang='lat' dir='ltr'>Et</span> <span class='ocrx_word' id='word_1_187' title='bbox 400 3670 481 3747; x_wconf 95' lang='lat' dir='ltr'>quod</span> <span class='ocrx_word' id='word_1_188' title='bbox 496 3668 668 3729; x_wconf 85' lang='lat' dir='ltr'>addebissex</span> <span class='ocrx_word' id='word_1_189' title='bbox 691 3669 778 3729; x_wconf 67' lang='lat' dir='ltr'>Voss?</span> <span class='ocrx_word' id='word_1_190' title='bbox 818 3670 857 3730; x_wconf 89' lang='lat' dir='ltr'>Et</span> <span class='ocrx_word' id='word_1_191' title='bbox 871 3680 961 3748; x_wconf 93' lang='lat' dir='ltr'>quota</span> <span class='ocrx_word' id='word_1_192' title='bbox 976 3670 1013 3728; x_wconf 89' lang='lat' dir='ltr'>de</span> <span class='ocrx_word' id='word_1_193' title='bbox 1028 3669 1073 3729; x_wconf 92' lang='lat' dir='ltr'>bis</span> <span class='ocrx_word' id='word_1_194' title='bbox 1093 3688 1145 3728; x_wconf 84' lang='lat' dir='ltr'>sex</span> <span class='ocrx_word' id='word_1_195' title='bbox 1159 3669 1306 3728; x_wconf 74' lang='lat' dir='ltr'>Bentleeias</span> 
     </span>
     <span class='ocr_line' id='line_1_30' title="bbox 252 3768 527 3845; baseline -0.004 -19"><span class='ocrx_word' id='word_1_196' title='bbox 252 3768 390 3845; x_wconf 92' lang='lat' dir='ltr'>quodque</span> <span class='ocrx_word' id='word_1_197' title='bbox 404 3788 420 3828; x_wconf 88' lang='lat' dir='ltr'>o</span> <span class='ocrx_word' id='word_1_198' title='bbox 433 3768 527 3826; x_wconf 80' lang='lat' dir='ltr'>Bentl.</span> 
     </span>
     <span class='ocr_line' id='line_1_31' title="bbox 296 3867 1306 3945; baseline 0.001 -22"><span class='ocrx_word' id='word_1_199' title='bbox 296 3884 324 3924; x_wconf 94' lang='lat' dir='ltr'>u.</span> <span class='ocrx_word' id='word_1_200' title='bbox 347 3887 385 3942; x_wconf 89' lang='lat'>29</span> <span class='ocrx_word' id='word_1_201' title='bbox 410 3868 520 3945; x_wconf 90' lang='lat' dir='ltr'>optime</span> <span class='ocrx_word' id='word_1_202' title='bbox 542 3867 689 3926; x_wconf 88' lang='lat' dir='ltr'>Bentleius</span> <span class='ocrx_word' id='word_1_203' title='bbox 714 3868 846 3940; x_wconf 84' lang='lat' dir='ltr'>correxit,</span> <span class='ocrx_word' id='word_1_204' title='bbox 869 3868 924 3926; x_wconf 92' lang='lat' dir='ltr'>nisi</span> <span class='ocrx_word' id='word_1_205' title='bbox 945 3867 1026 3944; x_wconf 93' lang='lat' dir='ltr'>quod</span> <span class='ocrx_word' id='word_1_206' title='bbox 1047 3885 1108 3926; x_wconf 93' lang='lat' dir='ltr'>non</span> <span class='ocrx_word' id='word_1_207' title='bbox 1129 3867 1306 3926; x_wconf 88' lang='lat' dir='ltr'>mutandum</span> 
     </span>
    </p>
   </div>
   <div class='ocr_carea' id='block_1_7' title="bbox 0 0 1392 4448">
    <p class='ocr_par' dir='ltr' id='par_1_12' title="bbox 0 0 1392 4448">
     <span class='ocr_line' id='line_1_32' title="bbox 0 0 1392 4448; baseline 0 0"><span class='ocrx_word' id='word_1_208' title='bbox 0 0 1392 4448; x_wconf 95' lang='lat' dir='ltr'> </span> 
     </span>
    </p>
   </div>
  </div>
 </body>
</html>
