<?xml version="1.0" encoding="UTF-8"?>
<!DOCTYPE html PUBLIC "-//W3C//DTD XHTML 1.0 Transitional//EN"
    "http://www.w3.org/TR/xhtml1/DTD/xhtml1-transitional.dtd">
<html xmlns="http://www.w3.org/1999/xhtml" xml:lang="en" lang="en">
 <head>
  <title>
</title>
<meta http-equiv="Content-Type" content="text/html;charset=utf-8" />
  <meta name='ocr-system' content='tesseract 3.04.00' />
  <meta name='ocr-capabilities' content='ocr_page ocr_carea ocr_par ocr_line ocrx_word'/>
</head>
<body>
  <div class='ocr_page' id='page_1' title='image "./noctesmaniliana00elligoog/noctesmaniliana00elligoog_0058.png"; bbox 0 0 2760 4448; ppageno 0'>
   <div class='ocr_carea' id='block_1_1' title="bbox 689 254 1230 330">
    <p class='ocr_par' dir='ltr' id='par_1_1' title="bbox 689 254 1230 330">
     <span class='ocr_line' id='line_1_1' title="bbox 689 254 1230 330; baseline 0.006 -25"><span class='ocrx_word' id='word_1_1' title='bbox 689 254 727 306; x_wconf 85' lang='lat' dir='ltr'><strong>II</strong></span> <span class='ocrx_word' id='word_1_2' title='bbox 1190 259 1230 330; x_wconf 80' lang='lat'><strong>37</strong></span> 
     </span>
    </p>
   </div>
   <div class='ocr_carea' id='block_1_2' title="bbox 105 410 1299 3930">
    <p class='ocr_par' dir='ltr' id='par_1_2' title="bbox 105 410 1299 1964">
     <span class='ocr_line' id='line_1_2' title="bbox 177 410 1231 493; baseline 0.004 -23"><span class='ocrx_word' id='word_1_3' title='bbox 177 410 406 490; x_wconf 88' lang='lat' dir='ltr'><strong>numquaeratio</strong></span> <span class='ocrx_word' id='word_1_4' title='bbox 416 411 452 474; x_wconf 89' lang='lat' dir='ltr'><strong>sit</strong></span> <span class='ocrx_word' id='word_1_5' title='bbox 460 411 542 486; x_wconf 84' lang='lat' dir='ltr'><strong>Quod</strong></span> <span class='ocrx_word' id='word_1_6' title='bbox 548 412 731 490; x_wconf 86' lang='lat' dir='ltr'><strong>expediendi.</strong></span> <span class='ocrx_word' id='word_1_7' title='bbox 746 412 816 473; x_wconf 92' lang='lat' dir='ltr'><strong>Non</strong></span> <span class='ocrx_word' id='word_1_8' title='bbox 824 413 963 473; x_wconf 90' lang='lat' dir='ltr'><strong>absimilis</strong></span> <span class='ocrx_word' id='word_1_9' title='bbox 971 431 1040 473; x_wconf 91' lang='lat' dir='ltr'><strong>usus</strong></span> <span class='ocrx_word' id='word_1_10' title='bbox 1050 423 1094 474; x_wconf 89' lang='lat' dir='ltr'><strong>est</strong></span> <span class='ocrx_word' id='word_1_11' title='bbox 1102 414 1231 493; x_wconf 88' lang='lat' dir='ltr'><strong>particu-</strong></span> 
     </span>
     <span class='ocr_line' id='line_1_3' title="bbox 178 510 1235 589; baseline 0.003 -20"><span class='ocrx_word' id='word_1_12' title='bbox 178 510 225 570; x_wconf 90' lang='lat' dir='ltr'><strong>lae</strong></span> <span class='ocrx_word' id='word_1_13' title='bbox 239 511 324 570; x_wconf 89' lang='lat' dir='ltr'><strong>toties</strong></span> <span class='ocrx_word' id='word_1_14' title='bbox 341 529 491 571; x_wconf 89' lang='lat' dir='ltr'>recurrens</span> <span class='ocrx_word' id='word_1_15' title='bbox 510 513 542 571; x_wconf 90' lang='lat' dir='ltr'><strong>in</strong></span> <span class='ocrx_word' id='word_1_16' title='bbox 556 512 693 589; x_wconf 86' lang='lat' dir='ltr'>epistulis,</span> <span class='ocrx_word' id='word_1_17' title='bbox 708 530 732 571; x_wconf 87' lang='lat' dir='ltr'><strong>e.</strong></span> <span class='ocrx_word' id='word_1_18' title='bbox 740 530 769 589; x_wconf 91' lang='lat' dir='ltr'><strong>g.</strong></span> <span class='ocrx_word' id='word_1_19' title='bbox 784 510 845 571; x_wconf 89' lang='lat' dir='ltr'>Cic.</span> <span class='ocrx_word' id='word_1_20' title='bbox 860 511 942 571; x_wconf 91' lang='lat' dir='ltr'><strong>Fam.</strong></span> <span class='ocrx_word' id='word_1_21' title='bbox 956 513 992 570; x_wconf 89' lang='lat' dir='ltr'><strong>vi.</strong></span> <span class='ocrx_word' id='word_1_22' title='bbox 1009 527 1035 587; x_wconf 83' lang='lat'><strong>7.</strong></span> <span class='ocrx_word' id='word_1_23' title='bbox 1051 532 1064 570; x_wconf 93' lang='lat'>1</span> <span class='ocrx_word' id='word_1_24' title='bbox 1086 512 1168 585; x_wconf 83' lang='lat' dir='ltr'><strong>Quod</strong></span> <span class='ocrx_word' id='word_1_25' title='bbox 1179 515 1235 573; x_wconf 80' lang='lat' dir='ltr'><strong>tibi</strong></span> 
     </span>
     <span class='ocr_line' id='line_1_4' title="bbox 177 611 1299 686; baseline 0.004 -18"><span class='ocrx_word' id='word_1_26' title='bbox 177 627 233 668; x_wconf 87' lang='lat' dir='ltr'><strong>non</strong></span> <span class='ocrx_word' id='word_1_27' title='bbox 244 617 301 668; x_wconf 81' lang='lat' dir='ltr'><strong>lam</strong></span> <span class='ocrx_word' id='word_1_28' title='bbox 312 611 433 669; x_wconf 80' lang='lat' dir='ltr'><em>celeriter</em></span> <span class='ocrx_word' id='word_1_29' title='bbox 442 611 513 670; x_wconf 78' lang='lat' dir='ltr'><strong>liber</strong></span> <span class='ocrx_word' id='word_1_30' title='bbox 521 618 561 669; x_wconf 84' lang='lat' dir='ltr'><strong>est</strong></span> <span class='ocrx_word' id='word_1_31' title='bbox 569 613 701 683; x_wconf 80' lang='lat' dir='ltr'><strong>redditus,</strong></span> <span class='ocrx_word' id='word_1_32' title='bbox 711 613 819 686; x_wconf 75' lang='lat' dir='ltr'><strong>agnosce</strong></span> <span class='ocrx_word' id='word_1_33' title='bbox 829 612 1046 670; x_wconf 77' lang='lat' dir='ltr'><strong>trinore&#39;noslro:</strong></span> <span class='ocrx_word' id='word_1_34' title='bbox 1066 611 1148 671; x_wconf 86' lang='lat' dir='ltr'><strong>cuius</strong></span> <span class='ocrx_word' id='word_1_35' title='bbox 1159 630 1230 673; x_wconf 88' lang='lat' dir='ltr'><strong>usus</strong></span> <span class='ocrx_word' id='word_1_36' title='bbox 1297 677 1299 681; x_wconf 68' lang='grc'>,</span> 
     </span>
     <span class='ocr_line' id='line_1_5' title="bbox 177 708 1230 786; baseline 0.005 -21"><span class='ocrx_word' id='word_1_37' title='bbox 177 708 400 768; x_wconf 84' lang='lat' dir='ltr'><strong>innumerabilia</strong></span> <span class='ocrx_word' id='word_1_38' title='bbox 414 710 550 786; x_wconf 88' lang='lat' dir='ltr'><strong>exempla</strong></span> <span class='ocrx_word' id='word_1_39' title='bbox 565 709 711 785; x_wconf 86' lang='lat' dir='ltr'><strong>congessit</strong></span> <span class='ocrx_word' id='word_1_40' title='bbox 730 708 926 785; x_wconf 89' lang='lat' dir='ltr'><strong>Nipperdeius</strong></span> <span class='ocrx_word' id='word_1_41' title='bbox 944 709 1055 786; x_wconf 90' lang='lat' dir='ltr'><strong>Opusc.</strong></span> <span class='ocrx_word' id='word_1_42' title='bbox 1074 726 1230 786; x_wconf 86' lang='lat'>135-143:</span> 
     </span>
     <span class='ocr_line' id='line_1_6' title="bbox 176 806 1229 885; baseline 0 -19"><span class='ocrx_word' id='word_1_43' title='bbox 176 816 278 883; x_wconf 90' lang='lat' dir='ltr'><strong>estque</strong></span> <span class='ocrx_word' id='word_1_44' title='bbox 292 806 460 866; x_wconf 89' lang='lat' dir='ltr'><strong>huiusmodi</strong></span> <span class='ocrx_word' id='word_1_45' title='bbox 474 808 641 884; x_wconf 85' lang='lat' dir='ltr'><strong>exemplum</strong></span> <span class='ocrx_word' id='word_1_46' title='bbox 656 807 687 864; x_wconf 91' lang='lat' dir='ltr'><strong>in</strong></span> <span class='ocrx_word' id='word_1_47' title='bbox 702 806 805 874; x_wconf 86' lang='lat' dir='ltr'><strong>Catuli.</strong></span> <span class='ocrx_word' id='word_1_48' title='bbox 821 807 907 865; x_wconf 82' lang='lat' dir='ltr'><strong>lxviii.</strong></span> <span class='ocrx_word' id='word_1_49' title='bbox 924 826 936 865; x_wconf 94' lang='lat'>1</span> <span class='ocrx_word' id='word_1_50' title='bbox 950 826 1012 885; x_wconf 90' lang='lat' dir='ltr'><strong>sqq.</strong></span> <span class='ocrx_word' id='word_1_51' title='bbox 1050 809 1080 866; x_wconf 91' lang='lat' dir='ltr'><strong>A</strong></span> <span class='ocrx_word' id='word_1_52' title='bbox 1093 827 1153 885; x_wconf 93' lang='lat' dir='ltr'><strong>quo</strong></span> <span class='ocrx_word' id='word_1_53' title='bbox 1168 828 1229 868; x_wconf 90' lang='lat' dir='ltr'><strong>non</strong></span> 
     </span>
     <span class='ocr_line' id='line_1_7' title="bbox 175 903 1231 982; baseline 0.003 -20"><span class='ocrx_word' id='word_1_54' title='bbox 175 904 267 981; x_wconf 90' lang='lat' dir='ltr'><strong>longe</strong></span> <span class='ocrx_word' id='word_1_55' title='bbox 282 906 389 964; x_wconf 87' lang='lat' dir='ltr'><strong>recedit</strong></span> <span class='ocrx_word' id='word_1_56' title='bbox 403 904 613 964; x_wconf 88' lang='lat' dir='ltr'><strong>Lucretianum</strong></span> <span class='ocrx_word' id='word_1_57' title='bbox 635 904 704 963; x_wconf 91' lang='lat' dir='ltr'><strong>illud</strong></span> <span class='ocrx_word' id='word_1_58' title='bbox 717 903 797 963; x_wconf 84' lang='lat' dir='ltr'><strong>Nam</strong></span> <span class='ocrx_word' id='word_1_59' title='bbox 812 907 887 982; x_wconf 85' lang='lat' dir='ltr'><strong>qued</strong></span> <span class='ocrx_word' id='word_1_60' title='bbox 897 917 975 982; x_wconf 77' lang='lat' dir='ltr'><strong>saepe</strong></span> <span class='ocrx_word' id='word_1_61' title='bbox 989 908 1111 966; x_wconf 70' lang='lat' dir='ltr'><strong>homenes</strong></span> <span class='ocrx_word' id='word_1_62' title='bbox 1124 908 1231 981; x_wconf 79' lang='lat' dir='ltr'><strong>morbos</strong></span> 
     </span>
     <span class='ocr_line' id='line_1_8' title="bbox 175 1002 1229 1081; baseline 0.004 -21"><span class='ocrx_word' id='word_1_63' title='bbox 175 1005 270 1079; x_wconf 80' lang='lat' dir='ltr'><strong>magri</strong></span> <span class='ocrx_word' id='word_1_64' title='bbox 292 1024 346 1062; x_wconf 82' lang='lat' dir='ltr'><strong>esse</strong></span> <span class='ocrx_word' id='word_1_65' title='bbox 368 1005 501 1062; x_wconf 78' lang='lat' dir='ltr'><strong>tz&#39;tnendos</strong></span> <span class='ocrx_word' id='word_1_66' title='bbox 514 1002 822 1081; x_wconf 66' lang='lat' dir='ltr'><strong>Iefizmemqueserunt</strong></span> <span class='ocrx_word' id='word_1_67' title='bbox 835 1005 925 1062; x_wconf 75' lang='lat' dir='ltr'><strong>uriam</strong></span> <span class='ocrx_word' id='word_1_68' title='bbox 944 1025 1026 1080; x_wconf 86' lang='lat' dir='ltr'><strong>quam</strong></span> <span class='ocrx_word' id='word_1_69' title='bbox 1043 1012 1158 1064; x_wconf 79' lang='lat' dir='ltr'><strong>tartara</strong></span> <span class='ocrx_word' id='word_1_70' title='bbox 1175 1007 1229 1064; x_wconf 72' lang='lat' dir='ltr'><strong>lete:</strong></span> 
     </span>
     <span class='ocr_line' id='line_1_9' title="bbox 177 1099 1228 1176; baseline 0.002 -16"><span class='ocrx_word' id='word_1_71' title='bbox 177 1099 311 1160; x_wconf 84' lang='lat' dir='ltr'><strong>...Hinc</strong></span> <span class='ocrx_word' id='word_1_72' title='bbox 324 1103 388 1160; x_wconf 80' lang='lat' dir='ltr'><strong>licet</strong></span> <span class='ocrx_word' id='word_1_73' title='bbox 399 1103 533 1160; x_wconf 80' lang='lat' dir='ltr'><strong>aduertas</strong></span> <span class='ocrx_word' id='word_1_74' title='bbox 546 1102 672 1159; x_wconf 73' lang='lat' dir='ltr'><strong>antinum</strong></span> <span class='ocrx_word' id='word_1_75' title='bbox 687 1105 780 1176; x_wconf 83' lang='lat' dir='ltr'><strong>magis</strong></span> <span class='ocrx_word' id='word_1_76' title='bbox 793 1104 886 1160; x_wconf 85' lang='lat' dir='ltr'><strong>omnia</strong></span> <span class='ocrx_word' id='word_1_77' title='bbox 900 1102 993 1160; x_wconf 72' lang='lat' dir='ltr'><strong>laurh&#39;s</strong></span> <span class='ocrx_word' id='word_1_78' title='bbox 1008 1101 1122 1161; x_wconf 80' lang='lat' dir='ltr'><strong>Iactarz&#39;</strong></span> <span class='ocrx_word' id='word_1_79' title='bbox 1132 1123 1228 1175; x_wconf 84' lang='lat' dir='ltr'><strong>causa,</strong></span> 
     </span>
     <span class='ocr_line' id='line_1_10' title="bbox 173 1198 1229 1279; baseline 0.003 -23"><span class='ocrx_word' id='word_1_80' title='bbox 173 1218 259 1274; x_wconf 84' lang='lat' dir='ltr'><strong>quam</strong></span> <span class='ocrx_word' id='word_1_81' title='bbox 268 1201 343 1275; x_wconf 77' lang='lat' dir='ltr'><strong>quod</strong></span> <span class='ocrx_word' id='word_1_82' title='bbox 351 1219 395 1257; x_wconf 84' lang='lat' dir='ltr'><strong>res</strong></span> <span class='ocrx_word' id='word_1_83' title='bbox 405 1203 467 1276; x_wconf 70' lang='lat' dir='ltr'><strong>apsa</strong></span> <span class='ocrx_word' id='word_1_84' title='bbox 469 1199 612 1276; x_wconf 84' lang='lat' dir='ltr'><strong>probetur.</strong></span> <span class='ocrx_word' id='word_1_85' title='bbox 633 1198 779 1258; x_wconf 79' lang='lat' dir='ltr'><strong>Exterres</strong></span> <span class='ocrx_word' id='word_1_86' title='bbox 793 1201 862 1257; x_wconf 85' lang='lat' dir='ltr'><strong>idem</strong></span> <span class='ocrx_word' id='word_1_87' title='bbox 874 1203 972 1275; x_wconf 73' lang='lat' dir='ltr'><strong>patria</strong></span> <span class='ocrx_word' id='word_1_88' title='bbox 981 1201 1111 1277; x_wconf 78' lang='lat' dir='ltr'><strong>longeque</strong></span> <span class='ocrx_word' id='word_1_89' title='bbox 1113 1203 1229 1279; x_wconf 75' lang='lat' dir='ltr'><strong>fugati.</strong></span> 
     </span>
     <span class='ocr_line' id='line_1_11' title="bbox 175 1292 1294 1376; baseline 0.004 -23"><span class='ocrx_word' id='word_1_90' title='bbox 175 1339 183 1353; x_wconf 89' lang='lat'>.</span> <span class='ocrx_word' id='word_1_91' title='bbox 199 1338 227 1355; x_wconf 90' lang='lat'><strong>..</strong></span> <span class='ocrx_word' id='word_1_92' title='bbox 247 1296 381 1355; x_wconf 82' lang='lat' dir='ltr'><strong>Omnibus</strong></span> <span class='ocrx_word' id='word_1_93' title='bbox 391 1300 534 1356; x_wconf 83' lang='lat' dir='ltr'><strong>aerumnis</strong></span> <span class='ocrx_word' id='word_1_94' title='bbox 544 1299 769 1374; x_wconf 66' lang='lat' dir='ltr'><strong>aeffeetidenz&#39;que</strong></span> <span class='ocrx_word' id='word_1_95' title='bbox 780 1300 889 1356; x_wconf 79' lang='lat' dir='ltr'><strong>ueieunl.</strong></span> <span class='ocrx_word' id='word_1_96' title='bbox 932 1298 981 1356; x_wconf 90' lang='lat' dir='ltr'><strong>Ad</strong></span> <span class='ocrx_word' id='word_1_97' title='bbox 995 1299 1051 1357; x_wconf 93' lang='lat' dir='ltr'><strong>hoc</strong></span> <span class='ocrx_word' id='word_1_98' title='bbox 1062 1300 1241 1376; x_wconf 82' lang='lat' dir='ltr'><strong>exemplum·</strong></span> <span class='ocrx_word' id='word_1_99' title='bbox 1292 1292 1294 1295; x_wconf 39' lang='lat'>¹</span> 
     </span>
     <span class='ocr_line' id='line_1_12' title="bbox 174 1395 1229 1475; baseline 0.005 -23"><span class='ocrx_word' id='word_1_100' title='bbox 174 1395 200 1453; x_wconf 90' lang='lat' dir='ltr'><strong>si</strong></span> <span class='ocrx_word' id='word_1_101' title='bbox 217 1409 354 1470; x_wconf 83' lang='lat'><strong>197-202</strong></span> <span class='ocrx_word' id='word_1_102' title='bbox 370 1396 516 1472; x_wconf 85' lang='lat' dir='ltr'><strong>expedias,</strong></span> <span class='ocrx_word' id='word_1_103' title='bbox 532 1395 585 1454; x_wconf 92' lang='lat' dir='ltr'><strong>erit</strong></span> <span class='ocrx_word' id='word_1_104' title='bbox 600 1397 742 1455; x_wconf 89' lang='lat' dir='ltr'><strong>sententia</strong></span> <span class='ocrx_word' id='word_1_105' title='bbox 755 1396 838 1456; x_wconf 90' lang='lat' dir='ltr'><strong>talis:</strong></span> <span class='ocrx_word' id='word_1_106' title='bbox 861 1396 915 1456; x_wconf 90' lang='lat' dir='ltr'><strong>‘de</strong></span> <span class='ocrx_word' id='word_1_107' title='bbox 931 1415 967 1455; x_wconf 92' lang='lat' dir='ltr'><strong>eo</strong></span> <span class='ocrx_word' id='word_1_108' title='bbox 981 1406 1013 1455; x_wconf 92' lang='lat' dir='ltr'><strong>ut</strong></span> <span class='ocrx_word' id='word_1_109' title='bbox 1028 1397 1132 1469; x_wconf 90' lang='lat' dir='ltr'><strong>dicam,</strong></span> <span class='ocrx_word' id='word_1_110' title='bbox 1148 1398 1229 1475; x_wconf 93' lang='lat' dir='ltr'><strong>quod</strong></span> 
     </span>
     <span class='ocr_line' id='line_1_13' title="bbox 172 1477 1228 1572; baseline 0.006 -23"><span class='ocrx_word' id='word_1_111' title='bbox 172 1493 228 1551; x_wconf 87' lang='lat' dir='ltr'><strong>tria</strong></span> <span class='ocrx_word' id='word_1_112' title='bbox 245 1503 314 1552; x_wconf 91' lang='lat' dir='ltr'><strong>sunt</strong></span> <span class='ocrx_word' id='word_1_113' title='bbox 329 1513 365 1553; x_wconf 86' lang='lat' dir='ltr'><strong>ex</strong></span> <span class='ocrx_word' id='word_1_114' title='bbox 383 1495 424 1552; x_wconf 84' lang='lat' dir='ltr'><strong>xii</strong></span> <span class='ocrx_word' id='word_1_115' title='bbox 438 1494 528 1570; x_wconf 90' lang='lat' dir='ltr'><strong>signis</strong></span> <span class='ocrx_word' id='word_1_116' title='bbox 547 1512 623 1570; x_wconf 89' lang='lat' dir='ltr'><strong>quae</strong></span> <span class='ocrx_word' id='word_1_117' title='bbox 642 1494 744 1552; x_wconf 89' lang='lat' dir='ltr'><strong>ceteris</strong></span> <span class='ocrx_word' id='word_1_118' title='bbox 757 1503 930 1570; x_wconf 83' lang='lat' dir='ltr'><strong>repugnent,</strong></span> <span class='ocrx_word' id='word_1_119' title='bbox 955 1499 977 1549; x_wconf 76' lang='lat'><em>8</em></span> <span class='ocrx_word' id='word_1_120' title='bbox 1006 1504 1035 1558; x_wconf 87' lang='lat'><strong>11</strong></span> <span class='ocrx_word' id='word_1_121' title='bbox 1061 1513 1103 1568; x_wconf 71' lang='lat' dir='ltr'><strong>aa,</strong></span> <span class='ocrx_word' id='word_1_122' title='bbox 1120 1496 1144 1554; x_wconf 91' lang='lat' dir='ltr'><strong>si</strong></span> <span class='ocrx_word' id='word_1_123' title='bbox 1161 1477 1228 1572; x_wconf 86' lang='lat' dir='ltr'><strong>quis</strong></span> 
     </span>
     <span class='ocr_line' id='line_1_14' title="bbox 174 1589 1227 1669; baseline 0.004 -21"><span class='ocrx_word' id='word_1_124' title='bbox 174 1589 247 1650; x_wconf 91' lang='lat' dir='ltr'><strong>haec</strong></span> <span class='ocrx_word' id='word_1_125' title='bbox 266 1592 296 1649; x_wconf 93' lang='lat' dir='ltr'><strong>iii</strong></span> <span class='ocrx_word' id='word_1_126' title='bbox 310 1593 394 1669; x_wconf 86' lang='lat' dir='ltr'><strong>signa</strong></span> <span class='ocrx_word' id='word_1_127' title='bbox 412 1592 575 1668; x_wconf 89' lang='lat' dir='ltr'><strong>conspiciat</strong></span> <span class='ocrx_word' id='word_1_128' title='bbox 592 1610 653 1651; x_wconf 92' lang='lat' dir='ltr'><strong>non</strong></span> <span class='ocrx_word' id='word_1_129' title='bbox 672 1593 758 1651; x_wconf 91' lang='lat' dir='ltr'><strong>rectis</strong></span> <span class='ocrx_word' id='word_1_130' title='bbox 772 1593 912 1651; x_wconf 91' lang='lat' dir='ltr'><strong>membris</strong></span> <span class='ocrx_word' id='word_1_131' title='bbox 931 1593 961 1651; x_wconf 92' lang='lat' dir='ltr'><strong>in</strong></span> <span class='ocrx_word' id='word_1_132' title='bbox 977 1593 1090 1651; x_wconf 90' lang='lat' dir='ltr'><strong>caelum</strong></span> <span class='ocrx_word' id='word_1_133' title='bbox 1105 1594 1227 1652; x_wconf 88' lang='lat' dir='ltr'><strong>orientia</strong></span> 
     </span>
     <span class='ocr_line' id='line_1_15' title="bbox 105 1690 1226 1769; baseline 0.007 -26"><span class='ocrx_word' id='word_1_134' title='bbox 105 1735 109 1743; x_wconf 95' lang='lat'>.</span> <span class='ocrx_word' id='word_1_135' title='bbox 173 1691 424 1766; x_wconf 89' lang='lat' dir='ltr'><strong>quemadmodum</strong></span> <span class='ocrx_word' id='word_1_136' title='bbox 444 1692 574 1750; x_wconf 90' lang='lat' dir='ltr'><strong>oriuntur</strong></span> <span class='ocrx_word' id='word_1_137' title='bbox 591 1698 686 1749; x_wconf 91' lang='lat' dir='ltr'><strong>cetera</strong></span> <span class='ocrx_word' id='word_1_138' title='bbox 706 1691 744 1761; x_wconf 91' lang='lat' dir='ltr'><strong>ix,</strong></span> <span class='ocrx_word' id='word_1_139' title='bbox 760 1691 811 1759; x_wconf 89' lang='lat' dir='ltr'><strong>sed</strong></span> <span class='ocrx_word' id='word_1_140' title='bbox 832 1690 966 1750; x_wconf 89' lang='lat' dir='ltr'><strong>clunibus</strong></span> <span class='ocrx_word' id='word_1_141' title='bbox 987 1692 1112 1768; x_wconf 90' lang='lat' dir='ltr'><strong>pedibus</strong></span> <span class='ocrx_word' id='word_1_142' title='bbox 1133 1705 1226 1769; x_wconf 89' lang='lat' dir='ltr'><strong>terg0,</strong></span> 
     </span>
     <span class='ocr_line' id='line_1_16' title="bbox 172 1787 1226 1866; baseline 0.003 -21"><span class='ocrx_word' id='word_1_143' title='bbox 172 1787 198 1845; x_wconf 93' lang='lat' dir='ltr'><strong>is</strong></span> <span class='ocrx_word' id='word_1_144' title='bbox 212 1806 273 1847; x_wconf 91' lang='lat' dir='ltr'><strong>non</strong></span> <span class='ocrx_word' id='word_1_145' title='bbox 288 1789 439 1847; x_wconf 90' lang='lat' dir='ltr'><strong>mirabitur</strong></span> <span class='ocrx_word' id='word_1_146' title='bbox 453 1789 559 1847; x_wconf 91' lang='lat' dir='ltr'><strong>tardari</strong></span> <span class='ocrx_word' id='word_1_147' title='bbox 575 1788 645 1848; x_wconf 92' lang='lat' dir='ltr'><strong>solis</strong></span> <span class='ocrx_word' id='word_1_148' title='bbox 660 1807 778 1847; x_wconf 90' lang='lat' dir='ltr'><strong>cursum</strong></span> <span class='ocrx_word' id='word_1_149' title='bbox 792 1807 861 1848; x_wconf 91' lang='lat' dir='ltr'><strong>curn</strong></span> <span class='ocrx_word' id='word_1_150' title='bbox 875 1807 928 1866; x_wconf 92' lang='lat' dir='ltr'><strong>per</strong></span> <span class='ocrx_word' id='word_1_151' title='bbox 948 1800 1025 1848; x_wconf 88' lang='lat' dir='ltr'><strong>astra</strong></span> <span class='ocrx_word' id='word_1_152' title='bbox 1039 1791 1087 1848; x_wconf 88' lang='lat' dir='ltr'><strong>fiat</strong></span> <span class='ocrx_word' id='word_1_153' title='bbox 1102 1790 1226 1849; x_wconf 87' lang='lat' dir='ltr'><strong>aduersa</strong></span> 
     </span>
     <span class='ocr_line' id='line_1_17' title="bbox 172 1884 551 1964; baseline 0.008 -21"><span class='ocrx_word' id='word_1_154' title='bbox 172 1884 248 1944; x_wconf 90' lang='lat' dir='ltr'><strong>inter</strong></span> <span class='ocrx_word' id='word_1_155' title='bbox 262 1905 294 1945; x_wconf 90' lang='lat' dir='ltr'><strong>se</strong></span> <span class='ocrx_word' id='word_1_156' title='bbox 307 1896 335 1945; x_wconf 86' lang='lat' dir='ltr'><strong>et</strong></span> <span class='ocrx_word' id='word_1_157' title='bbox 349 1887 551 1964; x_wconf 88' lang='lat' dir='ltr'><strong>repugnantia.</strong></span> 
     </span>
    </p>

    <p class='ocr_par' dir='ltr' id='par_1_3' title="bbox 163 1982 1230 3518">
     <span class='ocr_line' id='line_1_18' title="bbox 214 1982 1224 2062; baseline 0.004 -20"><span class='ocrx_word' id='word_1_158' title='bbox 214 1982 260 2043; x_wconf 91' lang='lat' dir='ltr'><strong>De</strong></span> <span class='ocrx_word' id='word_1_159' title='bbox 277 2000 415 2059; x_wconf 81' lang='lat'><strong>²²3·²25</strong></span> <span class='ocrx_word' id='word_1_160' title='bbox 433 1985 557 2045; x_wconf 89' lang='lat' dir='ltr'><strong>haereo:</strong></span> <span class='ocrx_word' id='word_1_161' title='bbox 579 1984 631 2044; x_wconf 86' lang='lat' dir='ltr'><strong>sed</strong></span> <span class='ocrx_word' id='word_1_162' title='bbox 650 1984 707 2044; x_wconf 92' lang='lat' dir='ltr'><strong>huc</strong></span> <span class='ocrx_word' id='word_1_163' title='bbox 726 1985 835 2044; x_wconf 91' lang='lat' dir='ltr'><strong>inclino</strong></span> <span class='ocrx_word' id='word_1_164' title='bbox 854 1995 887 2044; x_wconf 93' lang='lat' dir='ltr'><strong>ut</strong></span> <span class='ocrx_word' id='word_1_165' title='bbox 905 1985 1050 2062; x_wconf 91' lang='lat' dir='ltr'><strong>apodosin</strong></span> <span class='ocrx_word' id='word_1_166' title='bbox 1065 1987 1224 2046; x_wconf 89' lang='lat' dir='ltr'><strong>sententiae</strong></span> 
     </span>
     <span class='ocr_line' id='line_1_19' title="bbox 170 2081 1222 2162; baseline 0.005 -23"><span class='ocrx_word' id='word_1_167' title='bbox 170 2081 276 2140; x_wconf 88' lang='lat' dir='ltr'><strong>faciam</strong></span> <span class='ocrx_word' id='word_1_168' title='bbox 287 2101 342 2142; x_wconf 87' lang='lat' dir='ltr'><strong>au.</strong></span> <span class='ocrx_word' id='word_1_169' title='bbox 354 2086 411 2142; x_wconf 84' lang='lat'><strong>226</strong></span> <span class='ocrx_word' id='word_1_170' title='bbox 431 2084 467 2144; x_wconf 81' lang='lat' dir='ltr'><strong>Vt</strong></span> <span class='ocrx_word' id='word_1_171' title='bbox 474 2103 544 2160; x_wconf 87' lang='lat' dir='ltr'><strong>quae</strong></span> <span class='ocrx_word' id='word_1_172' title='bbox 557 2083 693 2160; x_wconf 85' lang='lat' dir='ltr'><strong>incipere.</strong></span> <span class='ocrx_word' id='word_1_173' title='bbox 719 2084 810 2156; x_wconf 90' lang='lat' dir='ltr'><strong>Quod</strong></span> <span class='ocrx_word' id='word_1_174' title='bbox 821 2095 897 2142; x_wconf 90' lang='lat' dir='ltr'><strong>astra</strong></span> <span class='ocrx_word' id='word_1_175' title='bbox 908 2084 1053 2161; x_wconf 85' lang='lat' dir='ltr'><strong>quaedam</strong></span> <span class='ocrx_word' id='word_1_176' title='bbox 1065 2085 1222 2162; x_wconf 89' lang='lat' dir='ltr'><strong>inquirenti</strong></span> 
     </span>
     <span class='ocr_line' id='line_1_20' title="bbox 170 2180 1224 2257; baseline 0.004 -20"><span class='ocrx_word' id='word_1_177' title='bbox 170 2180 342 2256; x_wconf 89' lang='lat' dir='ltr'><strong>profitentur</strong></span> <span class='ocrx_word' id='word_1_178' title='bbox 355 2200 387 2241; x_wconf 91' lang='lat' dir='ltr'><strong>se</strong></span> <span class='ocrx_word' id='word_1_179' title='bbox 402 2182 545 2257; x_wconf 86' lang='lat' dir='ltr'><strong>originem</strong></span> <span class='ocrx_word' id='word_1_180' title='bbox 562 2183 667 2240; x_wconf 88' lang='lat' dir='ltr'><strong>amari</strong></span> <span class='ocrx_word' id='word_1_181' title='bbox 682 2182 796 2254; x_wconf 90' lang='lat' dir='ltr'><strong>ducere,</strong></span> <span class='ocrx_word' id='word_1_182' title='bbox 811 2192 842 2241; x_wconf 92' lang='lat' dir='ltr'><strong>ut</strong></span> <span class='ocrx_word' id='word_1_183' title='bbox 857 2191 923 2240; x_wconf 91' lang='lat' dir='ltr'><strong>sunt</strong></span> <span class='ocrx_word' id='word_1_184' title='bbox 938 2182 1051 2242; x_wconf 88' lang='lat' dir='ltr'><strong>Cancer</strong></span> <span class='ocrx_word' id='word_1_185' title='bbox 1068 2189 1101 2242; x_wconf 85' lang='lat' dir='ltr'><strong>et¹</strong></span> <span class='ocrx_word' id='word_1_186' title='bbox 1118 2183 1224 2256; x_wconf 87' lang='lat' dir='ltr'><strong>Pisces,</strong></span> 
     </span>
     <span class='ocr_line' id='line_1_21' title="bbox 169 2277 1224 2359; baseline 0.004 -23"><span class='ocrx_word' id='word_1_187' title='bbox 169 2277 251 2336; x_wconf 89' lang='lat' dir='ltr'><strong>idem</strong></span> <span class='ocrx_word' id='word_1_188' title='bbox 277 2280 307 2337; x_wconf 92' lang='lat' dir='ltr'><strong>in</strong></span> <span class='ocrx_word' id='word_1_189' title='bbox 330 2279 380 2359; x_wconf 85' lang='lat' dir='ltr'><strong>¹his</strong></span> <span class='ocrx_word' id='word_1_190' title='bbox 408 2281 516 2338; x_wconf 91' lang='lat' dir='ltr'><strong>accidit</strong></span> <span class='ocrx_word' id='word_1_191' title='bbox 543 2279 623 2357; x_wconf 94' lang='lat' dir='ltr'><strong>quod</strong></span> <span class='ocrx_word' id='word_1_192' title='bbox 651 2280 681 2338; x_wconf 92' lang='lat' dir='ltr'><strong>in</strong></span> <span class='ocrx_word' id='word_1_193' title='bbox 714 2281 836 2338; x_wconf 90' lang='lat' dir='ltr'><strong>terrenis</strong></span> <span class='ocrx_word' id='word_1_194' title='bbox 864 2280 966 2338; x_wconf 92' lang='lat' dir='ltr'><strong>Tauro</strong></span> <span class='ocrx_word' id='word_1_195' title='bbox 993 2281 1092 2339; x_wconf 89' lang='lat' dir='ltr'><strong>Ariete</strong></span> <span class='ocrx_word' id='word_1_196' title='bbox 1120 2279 1224 2340; x_wconf 88' lang='lat' dir='ltr'><strong>Leone</strong></span> 
     </span>
     <span class='ocr_line' id='line_1_22' title="bbox 171 2375 1222 2455; baseline 0.002 -21"><span class='ocrx_word' id='word_1_197' title='bbox 171 2375 303 2454; x_wconf 89' lang='lat' dir='ltr'><strong>Scorpio,</strong></span> <span class='ocrx_word' id='word_1_198' title='bbox 332 2379 446 2455; x_wconf 90' lang='lat' dir='ltr'><strong>utrique</strong></span> <span class='ocrx_word' id='word_1_199' title='bbox 473 2378 552 2436; x_wconf 89' lang='lat' dir='ltr'><strong>enim</strong></span> <span class='ocrx_word' id='word_1_200' title='bbox 585 2378 684 2453; x_wconf 90' lang='lat' dir='ltr'><strong>generi</strong></span> <span class='ocrx_word' id='word_1_201' title='bbox 713 2379 865 2454; x_wconf 89' lang='lat' dir='ltr'><strong>signorum</strong></span> <span class='ocrx_word' id='word_1_202' title='bbox 894 2378 951 2437; x_wconf 91' lang='lat' dir='ltr'><strong>hoc</strong></span> <span class='ocrx_word' id='word_1_203' title='bbox 982 2389 1027 2437; x_wconf 91' lang='lat' dir='ltr'><strong>est</strong></span> <span class='ocrx_word' id='word_1_204' title='bbox 1055 2396 1222 2452; x_wconf 89' lang='lat' dir='ltr'><strong>commune,</strong></span> 
     </span>
     <span class='ocr_line' id='line_1_23' title="bbox 169 2475 1222 2555; baseline 0.004 -24"><span class='ocrx_word' id='word_1_205' title='bbox 169 2475 251 2550; x_wconf 90' lang='lat' dir='ltr'><strong>quod</strong></span> <span class='ocrx_word' id='word_1_206' title='bbox 278 2493 296 2534; x_wconf 90' lang='lat' dir='ltr'><strong>a</strong></span> <span class='ocrx_word' id='word_1_207' title='bbox 322 2478 378 2535; x_wconf 83' lang='lat' dir='ltr'><strong>leco</strong></span> <span class='ocrx_word' id='word_1_208' title='bbox 406 2476 456 2533; x_wconf 90' lang='lat' dir='ltr'><strong>ubi</strong></span> <span class='ocrx_word' id='word_1_209' title='bbox 484 2476 587 2535; x_wconf 91' lang='lat' dir='ltr'><strong>uiuunt</strong></span> <span class='ocrx_word' id='word_1_210' title='bbox 616 2476 726 2535; x_wconf 87' lang='lat' dir='ltr'><strong>bestiae</strong></span> <span class='ocrx_word' id='word_1_211' title='bbox 754 2476 833 2534; x_wconf 91' lang='lat' dir='ltr'><strong>unde</strong></span> <span class='ocrx_word' id='word_1_212' title='bbox 862 2495 973 2536; x_wconf 89' lang='lat' dir='ltr'><strong>nomen</strong></span> <span class='ocrx_word' id='word_1_213' title='bbox 1004 2476 1129 2549; x_wconf 88' lang='lat' dir='ltr'><strong>trahunt,</strong></span> <span class='ocrx_word' id='word_1_214' title='bbox 1162 2476 1222 2555; x_wconf 88' lang='lat' dir='ltr'><strong>dis·</strong></span> 
     </span>
     <span class='ocr_line' id='line_1_24' title="bbox 168 2573 1220 2651; baseline 0.005 -21"><span class='ocrx_word' id='word_1_215' title='bbox 168 2573 328 2632; x_wconf 90' lang='lat' dir='ltr'><strong>cretionem</strong></span> <span class='ocrx_word' id='word_1_216' title='bbox 359 2574 447 2634; x_wconf 90' lang='lat' dir='ltr'><strong>habet</strong></span> <span class='ocrx_word' id='word_1_217' title='bbox 479 2591 571 2644; x_wconf 90' lang='lat' dir='ltr'><strong>suam,</strong></span> <span class='ocrx_word' id='word_1_218' title='bbox 595 2575 709 2633; x_wconf 92' lang='lat' dir='ltr'><strong>marina</strong></span> <span class='ocrx_word' id='word_1_219' title='bbox 733 2575 771 2632; x_wconf 94' lang='lat' dir='ltr'><strong>ab</strong></span> <span class='ocrx_word' id='word_1_220' title='bbox 800 2575 891 2651; x_wconf 91' lang='lat' dir='ltr'><strong>aquis,</strong></span> <span class='ocrx_word' id='word_1_221' title='bbox 924 2584 1040 2632; x_wconf 89' lang='lat' dir='ltr'><strong>terrena</strong></span> <span class='ocrx_word' id='word_1_222' title='bbox 1070 2593 1088 2632; x_wconf 91' lang='lat' dir='ltr'><strong>a</strong></span> <span class='ocrx_word' id='word_1_223' title='bbox 1117 2575 1220 2635; x_wconf 89' lang='lat' dir='ltr'><strong>terris:</strong></span> 
     </span>
     <span class='ocr_line' id='line_1_25' title="bbox 168 2671 1223 2748; baseline 0.004 -20"><span class='ocrx_word' id='word_1_224' title='bbox 168 2679 272 2748; x_wconf 91' lang='lat' dir='ltr'><strong>estque</strong></span> <span class='ocrx_word' id='word_1_225' title='bbox 287 2672 402 2731; x_wconf 89' lang='lat' dir='ltr'><strong>tertium</strong></span> <span class='ocrx_word' id='word_1_226' title='bbox 415 2690 508 2748; x_wconf 92' lang='lat' dir='ltr'><strong>genus</strong></span> <span class='ocrx_word' id='word_1_227' title='bbox 522 2671 764 2732; x_wconf 70' lang='lat' dir='ltr'><strong>me&#39;diorumsiue</strong></span> <span class='ocrx_word' id='word_1_228' title='bbox 783 2672 992 2743; x_wconf 91' lang='lat' dir='ltr'><strong>communium,</strong></span> <span class='ocrx_word' id='word_1_229' title='bbox 1009 2672 1179 2748; x_wconf 88' lang='lat' dir='ltr'><strong>Capricorni</strong></span> <span class='ocrx_word' id='word_1_230' title='bbox 1193 2683 1223 2732; x_wconf 92' lang='lat' dir='ltr'><strong>et</strong></span> 
     </span>
     <span class='ocr_line' id='line_1_26' title="bbox 167 2753 1220 2847; baseline 0.003 -21"><span class='ocrx_word' id='word_1_231' title='bbox 167 2768 297 2845; x_wconf 88' lang='lat' dir='ltr'><strong>Aquarii,</strong></span> <span class='ocrx_word' id='word_1_232' title='bbox 312 2770 362 2846; x_wconf 92' lang='lat' dir='ltr'><strong>qui</strong></span> <span class='ocrx_word' id='word_1_233' title='bbox 375 2753 413 2828; x_wconf 76' lang='lat' dir='ltr'><strong>err</strong></span> <span class='ocrx_word' id='word_1_234' title='bbox 427 2779 508 2846; x_wconf 90' lang='lat' dir='ltr'><strong>parte</strong></span> <span class='ocrx_word' id='word_1_235' title='bbox 523 2771 607 2847; x_wconf 89' lang='lat' dir='ltr'><strong>aquis</strong></span> <span class='ocrx_word' id='word_1_236' title='bbox 625 2770 824 2847; x_wconf 88' lang='lat' dir='ltr'><strong>adsignantur.</strong></span> <span class='ocrx_word' id='word_1_237' title='bbox 866 2770 950 2828; x_wconf 89' lang='lat' dir='ltr'><strong>Prius</strong></span> <span class='ocrx_word' id='word_1_238' title='bbox 972 2771 1013 2829; x_wconf 92' lang='lat' dir='ltr'><strong>sic</strong></span> <span class='ocrx_word' id='word_1_239' title='bbox 1033 2771 1220 2847; x_wconf 76' lang='lat' dir='ltr'><strong>explicarem,</strong></span> 
     </span>
     <span class='ocr_line' id='line_1_27' title="bbox 166 2867 1221 2944; baseline 0.005 -20"><span class='ocrx_word' id='word_1_240' title='bbox 166 2876 200 2925; x_wconf 90' lang='lat' dir='ltr'><strong>ut</strong></span> <span class='ocrx_word' id='word_1_241' title='bbox 209 2867 351 2944; x_wconf 89' lang='lat' dir='ltr'><strong>apodosin</strong></span> <span class='ocrx_word' id='word_1_242' title='bbox 362 2867 488 2928; x_wconf 87' lang='lat' dir='ltr'><strong>lacerem</strong></span> <span class='ocrx_word' id='word_1_243' title='bbox 499 2869 529 2926; x_wconf 93' lang='lat' dir='ltr'><strong>in</strong></span> <span class='ocrx_word' id='word_1_244' title='bbox 541 2869 637 2927; x_wconf 90' lang='lat' dir='ltr'><strong>uerbis</strong></span> <span class='ocrx_word' id='word_1_245' title='bbox 648 2869 803 2944; x_wconf 82' lang='lat' dir='ltr'><strong>scopulosus</strong></span> <span class='ocrx_word' id='word_1_246' title='bbox 814 2869 844 2925; x_wconf 84' lang='lat' dir='ltr'><strong>r&#39;n</strong></span> <span class='ocrx_word' id='word_1_247' title='bbox 855 2869 938 2926; x_wconf 81' lang='lat' dir='ltr'><strong>undis</strong></span> <span class='ocrx_word' id='word_1_248' title='bbox 951 2868 1067 2941; x_wconf 84' lang='lat' dir='ltr'><strong>Cancer,</strong></span> <span class='ocrx_word' id='word_1_249' title='bbox 1079 2880 1221 2929; x_wconf 89' lang='lat' dir='ltr'><strong>structura</strong></span> 
     </span>
     <span class='ocr_line' id='line_1_28' title="bbox 167 2964 1219 3044; baseline 0.004 -22"><span class='ocrx_word' id='word_1_250' title='bbox 167 2964 226 3024; x_wconf 93' lang='lat' dir='ltr'><strong>loci</strong></span> <span class='ocrx_word' id='word_1_251' title='bbox 241 2965 326 3024; x_wconf 92' lang='lat' dir='ltr'><strong>simili</strong></span> <span class='ocrx_word' id='word_1_252' title='bbox 337 2966 500 3026; x_wconf 87' lang='lat' dir='ltr'><strong>Ouidianae</strong></span> <span class='ocrx_word' id='word_1_253' title='bbox 511 2967 593 3028; x_wconf 91' lang='lat' dir='ltr'><strong>Med.</strong></span> <span class='ocrx_word' id='word_1_254' title='bbox 604 2967 673 3026; x_wconf 90' lang='lat' dir='ltr'><strong>Fac.</strong></span> <span class='ocrx_word' id='word_1_255' title='bbox 688 2982 734 3043; x_wconf 84' lang='lat'><strong>79,</strong></span> <span class='ocrx_word' id='word_1_256' title='bbox 747 2969 787 3025; x_wconf 81' lang='lat'><strong>80</strong></span> <span class='ocrx_word' id='word_1_257' title='bbox 795 2967 922 3025; x_wconf 85' lang='lat' dir='ltr'><strong>Pondere</strong></span> <span class='ocrx_word' id='word_1_258' title='bbox 932 2969 962 3025; x_wconf 82' lang='lat' dir='ltr'><strong>si</strong></span> <span class='ocrx_word' id='word_1_259' title='bbox 971 2969 1084 3044; x_wconf 79' lang='lat' dir='ltr'><strong>quaeris</strong></span> <span class='ocrx_word' id='word_1_260' title='bbox 1098 2988 1151 3044; x_wconf 87' lang='lat' dir='ltr'><strong>quo</strong></span> <span class='ocrx_word' id='word_1_261' title='bbox 1165 2971 1219 3027; x_wconf 83' lang='lat' dir='ltr'><strong>sine</strong></span> 
     </span>
     <span class='ocr_line' id='line_1_29' title="bbox 165 3065 1216 3142; baseline 0.004 -20"><span class='ocrx_word' id='word_1_262' title='bbox 165 3068 305 3124; x_wconf 81' lang='lat' dir='ltr'><strong>contentus</strong></span> <span class='ocrx_word' id='word_1_263' title='bbox 325 3067 356 3124; x_wconf 85' lang='lat' dir='ltr'><strong>in</strong></span> <span class='ocrx_word' id='word_1_264' title='bbox 377 3067 457 3124; x_wconf 80' lang='lat' dir='ltr'><strong>illis:</strong></span> <span class='ocrx_word' id='word_1_265' title='bbox 481 3065 564 3138; x_wconf 84' lang='lat' dir='ltr'><strong>Quod</strong></span> <span class='ocrx_word' id='word_1_266' title='bbox 578 3068 669 3125; x_wconf 80' lang='lat' dir='ltr'><strong>trahil</strong></span> <span class='ocrx_word' id='word_1_267' title='bbox 686 3068 717 3124; x_wconf 84' lang='lat' dir='ltr'><strong>in</strong></span> <span class='ocrx_word' id='word_1_268' title='bbox 731 3071 832 3142; x_wconf 82' lang='lat' dir='ltr'><strong>partes</strong></span> <span class='ocrx_word' id='word_1_269' title='bbox 850 3068 934 3124; x_wconf 80' lang='lat' dir='ltr'><strong>uncia</strong></span> <span class='ocrx_word' id='word_1_270' title='bbox 950 3072 1024 3124; x_wconf 80' lang='lat' dir='ltr'><strong>secla</strong></span> <span class='ocrx_word' id='word_1_271' title='bbox 1043 3069 1123 3139; x_wconf 85' lang='lat' dir='ltr'><strong>duas,</strong></span> <span class='ocrx_word' id='word_1_272' title='bbox 1146 3066 1174 3125; x_wconf 87' lang='lat' dir='ltr'><strong>h.</strong></span> <span class='ocrx_word' id='word_1_273' title='bbox 1191 3085 1216 3126; x_wconf 87' lang='lat' dir='ltr'><strong>e.</strong></span> 
     </span>
     <span class='ocr_line' id='line_1_30' title="bbox 165 3163 1218 3242; baseline 0.001 -21"><span class='ocrx_word' id='word_1_274' title='bbox 165 3163 283 3238; x_wconf 90' lang='lat' dir='ltr'><strong>pondus</strong></span> <span class='ocrx_word' id='word_1_275' title='bbox 307 3182 425 3240; x_wconf 90' lang='lat' dir='ltr'><strong>quaero,</strong></span> <span class='ocrx_word' id='word_1_276' title='bbox 451 3164 532 3242; x_wconf 93' lang='lat' dir='ltr'><strong>quod</strong></span> <span class='ocrx_word' id='word_1_277' title='bbox 557 3164 650 3223; x_wconf 86' lang='lat' dir='ltr'><strong>trahit.</strong></span> <span class='ocrx_word' id='word_1_278' title='bbox 694 3163 753 3223; x_wconf 91' lang='lat' dir='ltr'><strong>Sed</strong></span> <span class='ocrx_word' id='word_1_279' title='bbox 777 3183 807 3222; x_wconf 92' lang='lat' dir='ltr'><strong>re</strong></span> <span class='ocrx_word' id='word_1_280' title='bbox 833 3165 949 3240; x_wconf 89' lang='lat' dir='ltr'><strong>saepius</strong></span> <span class='ocrx_word' id='word_1_281' title='bbox 977 3183 1130 3241; x_wconf 90' lang='lat' dir='ltr'><strong>perpensa,</strong></span> <span class='ocrx_word' id='word_1_282' title='bbox 1156 3183 1218 3223; x_wconf 90' lang='lat' dir='ltr'><strong>non</strong></span> 
     </span>
     <span class='ocr_line' id='line_1_31' title="bbox 165 3260 1230 3341; baseline 0.003 -23"><span class='ocrx_word' id='word_1_283' title='bbox 165 3260 270 3320; x_wconf 91' lang='lat' dir='ltr'><strong>dubito</strong></span> <span class='ocrx_word' id='word_1_284' title='bbox 288 3271 428 3340; x_wconf 89' lang='lat' dir='ltr'><strong>tanquam</strong></span> <span class='ocrx_word' id='word_1_285' title='bbox 446 3263 581 3341; x_wconf 83' lang='lat' dir='ltr'><strong>exempla</strong></span> <span class='ocrx_word' id='word_1_286' title='bbox 599 3261 704 3321; x_wconf 84' lang='lat' dir='ltr'><strong>adferri</strong></span> <span class='ocrx_word' id='word_1_287' title='bbox 720 3262 876 3333; x_wconf 89' lang='lat' dir='ltr'><strong>Cancrum,</strong></span> <span class='ocrx_word' id='word_1_288' title='bbox 891 3262 999 3334; x_wconf 91' lang='lat' dir='ltr'><strong>Pisces,</strong></span> <span class='ocrx_word' id='word_1_289' title='bbox 1014 3280 1111 3340; x_wconf 91' lang='lat' dir='ltr'><strong>neque</strong></span> <span class='ocrx_word' id='word_1_290' title='bbox 1130 3279 1230 3339; x_wconf 67' lang='lat' dir='ltr'><strong>posse,</strong></span> 
     </span>
     <span class='ocr_line' id='line_1_32' title="bbox 164 3359 1217 3438; baseline 0.001 -22"><span class='ocrx_word' id='word_1_291' title='bbox 164 3359 256 3418; x_wconf 92' lang='lat' dir='ltr'><strong>uerba</strong></span> <span class='ocrx_word' id='word_1_292' title='bbox 282 3378 317 3419; x_wconf 90' lang='lat' dir='ltr'><strong>ea</strong></span> <span class='ocrx_word' id='word_1_293' title='bbox 343 3361 636 3438; x_wconf 77' lang='lat' dir='ltr'><strong>scopulosus-eruti</strong></span> <span class='ocrx_word' id='word_1_294' title='bbox 665 3379 684 3420; x_wconf 91' lang='lat' dir='ltr'><strong>a</strong></span> <span class='ocrx_word' id='word_1_295' title='bbox 711 3360 855 3438; x_wconf 92' lang='lat' dir='ltr'><strong>prioribus</strong></span> <span class='ocrx_word' id='word_1_296' title='bbox 883 3360 981 3418; x_wconf 92' lang='lat' dir='ltr'><strong>diuelli</strong></span> <span class='ocrx_word' id='word_1_297' title='bbox 1012 3370 1044 3420; x_wconf 91' lang='lat' dir='ltr'><strong>ut</strong></span> <span class='ocrx_word' id='word_1_298' title='bbox 1072 3360 1217 3438; x_wconf 87' lang='lat' dir='ltr'><strong>apodosin</strong></span> 
     </span>
     <span class='ocr_line' id='line_1_33' title="bbox 163 3455 284 3518; baseline 0.025 -4"><span class='ocrx_word' id='word_1_299' title='bbox 163 3455 284 3518; x_wconf 88' lang='lat' dir='ltr'><strong>faciant.</strong></span> 
     </span>
    </p>

    <p class='ocr_par' dir='ltr' id='par_1_4' title="bbox 205 3554 654 3628">
     <span class='ocr_line' id='line_1_34' title="bbox 205 3554 654 3628; baseline 0.011 -14"><span class='ocrx_word' id='word_1_300' title='bbox 205 3554 246 3615; x_wconf 91' lang='grc' dir='ltr'><strong>Π.</strong></span> <span class='ocrx_word' id='word_1_301' title='bbox 263 3569 321 3628; x_wconf 82' lang='lat'><strong>205</strong></span> <span class='ocrx_word' id='word_1_302' title='bbox 343 3555 385 3615; x_wconf 92' lang='lat' dir='ltr'><strong>sie</strong></span> <span class='ocrx_word' id='word_1_303' title='bbox 398 3565 477 3616; x_wconf 89' lang='lat' dir='ltr'><strong>extat</strong></span> <span class='ocrx_word' id='word_1_304' title='bbox 491 3557 522 3615; x_wconf 91' lang='lat' dir='ltr'><strong>in</strong></span> <span class='ocrx_word' id='word_1_305' title='bbox 537 3556 654 3618; x_wconf 90' lang='lat' dir='ltr'><strong>Gembl.</strong></span> 
     </span>
    </p>

    <p class='ocr_par' dir='ltr' id='par_1_5' title="bbox 287 3652 1090 3734">
     <span class='ocr_line' id='line_1_35' title="bbox 287 3652 1090 3734; baseline 0.005 -24"><span class='ocrx_word' id='word_1_306' title='bbox 287 3652 359 3712; x_wconf 94' lang='lat' dir='ltr'><strong>Non</strong></span> <span class='ocrx_word' id='word_1_307' title='bbox 375 3656 502 3715; x_wconf 91' lang='lat' dir='ltr'><strong>tenebris</strong></span> <span class='ocrx_word' id='word_1_308' title='bbox 523 3665 572 3715; x_wconf 90' lang='lat' dir='ltr'><strong>aut</strong></span> <span class='ocrx_word' id='word_1_309' title='bbox 592 3656 658 3716; x_wconf 88' lang='lat' dir='ltr'><strong>luce</strong></span> <span class='ocrx_word' id='word_1_310' title='bbox 679 3675 762 3716; x_wconf 89' lang='lat' dir='ltr'><strong>suam</strong></span> <span class='ocrx_word' id='word_1_311' title='bbox 783 3655 952 3734; x_wconf 89' lang='lat' dir='ltr'><strong>peragentia</strong></span> <span class='ocrx_word' id='word_1_312' title='bbox 972 3665 1090 3715; x_wconf 84' lang='lat' dir='ltr'><strong>sortem.</strong></span> 
     </span>
    </p>

    <p class='ocr_par' dir='ltr' id='par_1_6' title="bbox 161 3748 1215 3930">
     <span class='ocr_line' id='line_1_36' title="bbox 203 3748 1215 3832; baseline 0.002 -23"><span class='ocrx_word' id='word_1_313' title='bbox 203 3748 320 3810; x_wconf 81' lang='lat' dir='ltr'><strong>Noctem</strong></span> <span class='ocrx_word' id='word_1_314' title='bbox 342 3751 411 3812; x_wconf 85' lang='lat' dir='ltr'><strong>Cus.</strong></span> <span class='ocrx_word' id='word_1_315' title='bbox 431 3752 570 3813; x_wconf 89' lang='lat' dir='ltr'><strong>Vossiani</strong></span> <span class='ocrx_word' id='word_1_316' title='bbox 592 3764 620 3814; x_wconf 91' lang='lat' dir='ltr'><strong>et</strong></span> <span class='ocrx_word' id='word_1_317' title='bbox 644 3774 668 3828; x_wconf 87' lang='lat' dir='ltr'><strong>e,</strong></span> <span class='ocrx_word' id='word_1_318' title='bbox 691 3754 772 3832; x_wconf 90' lang='lat' dir='ltr'><strong>quod</strong></span> <span class='ocrx_word' id='word_1_319' title='bbox 792 3756 841 3814; x_wconf 89' lang='lat' dir='ltr'><strong>uix</strong></span> <span class='ocrx_word' id='word_1_320' title='bbox 864 3754 954 3814; x_wconf 91' lang='lat' dir='ltr'><strong>credo</strong></span> <span class='ocrx_word' id='word_1_321' title='bbox 978 3772 1015 3812; x_wconf 88' lang='lat' dir='ltr'><strong>ex</strong></span> <span class='ocrx_word' id='word_1_322' title='bbox 1039 3759 1139 3810; x_wconf 81' lang='lat' dir='ltr'><strong>sortem</strong></span> <span class='ocrx_word' id='word_1_323' title='bbox 1163 3751 1215 3811; x_wconf 92' lang='lat' dir='ltr'><strong>de-</strong></span> 
     </span>
     <span class='ocr_line' id='line_1_37' title="bbox 161 3836 1215 3930; baseline 0.002 -22"><span class='ocrx_word' id='word_1_324' title='bbox 161 3860 317 3926; x_wconf 86' lang='lat' dir='ltr'><strong>prauatum</strong></span> <span class='ocrx_word' id='word_1_325' title='bbox 330 3836 412 3911; x_wconf 66' lang='lat' dir='ltr'><strong>esse.¹</strong></span> <span class='ocrx_word' id='word_1_326' title='bbox 445 3852 511 3912; x_wconf 89' lang='lat' dir='ltr'><strong>Fuit</strong></span> <span class='ocrx_word' id='word_1_327' title='bbox 525 3853 622 3930; x_wconf 88' lang='lat' dir='ltr'><strong>potius</strong></span> <span class='ocrx_word' id='word_1_328' title='bbox 636 3855 750 3913; x_wconf 80' lang='lat' dir='ltr'><strong>molem:</strong></span> <span class='ocrx_word' id='word_1_329' title='bbox 770 3853 800 3911; x_wconf 91' lang='lat' dir='ltr'><strong>id</strong></span> <span class='ocrx_word' id='word_1_330' title='bbox 819 3852 998 3912; x_wconf 88' lang='lat' dir='ltr'><strong>uocabulum</strong></span> <span class='ocrx_word' id='word_1_331' title='bbox 1015 3852 1046 3910; x_wconf 92' lang='lat' dir='ltr'><strong>in</strong></span> <span class='ocrx_word' id='word_1_332' title='bbox 1063 3851 1215 3928; x_wconf 90' lang='lat' dir='ltr'><strong>Propertio</strong></span> 
     </span>
    </p>
   </div>
   <div class='ocr_carea' id='block_1_3' title="bbox 0 0 1384 4448">
    <p class='ocr_par' dir='ltr' id='par_1_7' title="bbox 0 0 1384 4448">
     <span class='ocr_line' id='line_1_38' title="bbox 0 0 1384 4448; baseline 0 5"><span class='ocrx_word' id='word_1_333' title='bbox 0 0 1384 4448; x_wconf 95' lang='lat' dir='ltr'><strong> </strong></span> 
     </span>
    </p>
   </div>
  </div>
 </body>
</html>
