2760 4448
667 293 718 342 rrr
1172 295 1212 360 91

162 451 345 530 stridensque
358 451 408 511 bo.
451 472 508 529 329
531 451 700 528 Digrediere
714 453 730 510 b
744 472 759 510 o
775 450 843 511 Cus.
885 470 944 527 330
965 449 1043 511 orbis
1064 446 1215 508 Bentleius.

164 569 221 625 331
247 550 396 610 inclinauit
422 550 554 609 Vossioni
570 550 658 622 umbo,
680 549 747 610 cus.
766 550 914 609 inclinabit
933 549 986 608 bo.
1028 567 1086 624 332
1109 547 1216 607 fuerint

162 648 214 707 bo.
257 648 359 706 limitet
379 658 446 708 octo
467 646 552 706 Voss.¹
570 648 638 708 Cus.
652 649 755 707 limites
769 658 838 707 octo
860 644 946 706 Voss.²
961 647 1051 705 limite
1069 655 1149 704 recto
1169 646 1213 704 bo.

164 765 224 821 333
244 746 387 804 ducuntur
402 747 505 804 codices
523 749 616 805 nostri
626 766 725 817 omnes,
740 748 908 822 durauitque
921 747 953 804 in
966 746 1005 803 ed.
1019 743 1213 802 Moliru‘onaru

161 864 189 902 a.
207 859 295 918 1551,
309 847 440 920 quamuis
454 845 594 903 ducentur
607 847 709 903 edzium
722 847 762 903 sit
774 847 805 904 in
818 846 859 903 cd.
874 845 1079 902 Boninconirii'
1088 862 1115 900 o.
1135 845 1212 914 1484

206 943 312 1002 Totius
331 943 489 1002 sententiae
503 952 646 1003 structura
659 943 829 1020 impeditior.
873 942 951 1001 Nam
966 942 1091 1018 protasis
1105 958 1213 1018 quaea

161 1059 191 1099 u.
209 1056 267 1116 325
281 1041 380 1117 incipit
393 1040 535 1116 Quicquid
543 1048 621 1100 temet
625 1042 823 1117 praeuertere,
835 1051 992 1118 postquam
1005 1039 1213 1098 interueniente

161 1139 285 1198 relatiuo
301 1142 368 1214 326,
386 1152 401 1213 7
427 1137 517 1210 Quam
537 1146 642 1198 natura
660 1141 842 1215 suspendite!
858 1141 1010 1197 decr'rcinai
1024 1140 1145 1215 abrupta
1161 1147 1213 1206 est,

162 1255 263 1295 rursus
277 1237 307 1294 in
322 1240 381 1312 328
396 1235 480 1313 Ergo
490 1237 541 1296 ubi
551 1239 712 1311 resumitur,
725 1256 780 1297 nec
794 1238 848 1297 nisi
862 1255 891 1296 u.
903 1256 963 1313 330
977 1236 1212 1313 deniqueAltera

162 1336 293 1393 reddetur
306 1335 444 1411 apodosis
458 1335 497 1395 lit.

204 1451 233 1491 u.
249 1452 308 1509 324
329 1451 390 1492 non
415 1443 476 1492 erat
498 1451 551 1493 cur
572 1435 763 1510 praeuerteris
791 1433 979 1511 corrigeretur
1005 1432 1035 1490 in
1064 1432 1213 1490 deuerteris

164 1530 300 1602 Bentleii,
308 1532 534 1607 uelprouerteris
542 1531 737 1609 Pingraei‚uel
749 1534 1066 1610 deniqueproeuerterit
1075 1530 1212 1606 Scaligeri

162 1640 192 1687 et
213 1629 323 1688 Huetii.
368 1629 510 1706 Quicquid
526 1638 603 1688 temet
614 1633 805 1706 praeuerterri
824 1631 859 1690 dc
880 1648 917 1690 eo
938 1630 1039 1690 dicitur
1059 1630 1109 1708 qui
1133 1631 1212 1687 uiam

162 1727 273 1786 faciens
287 1727 443 1786 identidem
464 1729 645 1807 interrumpit
666 1729 713 1788 uel
732 1729 864 1788 nondum
879 1740 1020 1806 peruento
1038 1729 1075 1788 ad
1088 1728 1118 1787 id
1132 1729 1213 1805 quod

163 1827 281 1902 petebat
292 1845 409 1885 cursum
423 1826 582 1886 intermittit
596 1838 624 1886 et
634 1817 789 1905 paullisper
802 1829 950 1889 consistit:
971 1828 1057 1887 ‘each
1070 1829 1139 1914 time
1152 1845 1212 1905 you

163 1924 224 2000 pull
245 1923 376 2000 yoursell
390 1921 448 2001 up,'
464 1929 511 1983 ‘at
525 1943 610 2002 every
624 1924 684 1985 halt
697 1945 756 2002 you
770 1924 873 1986 make!
916 1926 995 1986 Huic
1009 1927 1212 2003 significationi

164 2023 268 2080 melius
282 2023 419 2081 conuenit
434 2023 469 2081 ab
483 2029 605 2082 extremo
620 2041 677 2082 axe
687 2023 784 2083 ‘short
794 2024 829 2083 ol
839 2025 976 2102 reaching
986 2025 1034 2084 the
1045 2025 1110 2101 pole
1121 2035 1150 2082 at
1164 2024 1212 2083 the

163 2117 333 2196 extremity!
377 2119 452 2179 Mox
468 2136 527 2196 325
542 2139 629 2198 quem
644 2141 762 2181 uersum
777 2121 924 2182 Bentleius
939 2125 980 2182 sic
994 2124 1153 2200 refingebat

286 2218 342 2277 Per
363 2236 496 2278 conuexa
518 2221 633 2278 trahens
654 2238 786 2295 gressum
806 2221 922 2299 fastigia
943 2231 1034 2282 terrae

164 2317 290 2377 Iacobus

284 2414 341 2474 Per
362 2433 495 2475 connexa
516 2435 614 2492 regens
634 2435 768 2494 gressum
788 2417 903 2494 fastigia
923 2427 1017 2479 terrae

163 2513 288 2572 Huetius
298 2515 411 2589 gradus
420 2534 550 2592 gressum
565 2516 605 2574 sic
625 2525 657 2574 ut
676 2516 705 2574 in
722 2516 838 2576 Gembl.
852 2519 991 2594 scriptum
1012 2528 1064 2589 est,
1079 2518 1212 2577 tuebatur

162 2630 198 2670 ex
210 2611 347 2671 Plautinis
361 2613 542 2672 machinabor
551 2615 718 2685 mordritum,
730 2616 829 2674 turbas
841 2617 945 2688 turbat,
955 2618 1111 2674 seruitutem
1123 2627 1212 2675 serui·

161 2717 220 2781 ant,
237 2717 327 2767 testem
349 2717 439 2782 testor,
454 2711 585 2771 obsonabo
603 2711 750 2772 obsonium.
787 2713 877 2786 Quod
893 2733 949 2790 ego
968 2724 1000 2773 ut
1017 2715 1067 2773 uix
1087 2716 1213 2774 scribere

162 2826 227 2866 reor
244 2806 399 2867 Manilium
412 2809 550 2885 potuisse,
566 2811 607 2869 sic
621 2811 741 2889 propius
755 2831 773 2870 a
787 2831 856 2871 uero
875 2813 981 2872 distare
995 2813 1084 2873 credo
1098 2814 1212 2873 coniec-

162 2906 232 2964 turis
246 2914 426 2965 ceterorum:
448 2925 518 2965 nam

285 3002 340 3062 Per
360 3022 492 3064 conuexa
508 3006 608 3080 gradu
629 3024 760 3082 gressum
781 3007 895 3085 fastigia
915 3019 1009 3069 terrae

162 3111 191 3161 et
205 3101 293 3161 latine
309 3112 337 3159 et
355 3120 422 3160 cum
436 3103 466 3160 ui
487 3103 614 3163 dicturus
633 3115 702 3176 erat,
718 3116 749 3164 ut
763 3124 830 3165 cum
852 3107 1000 3167 molimine
1022 3108 1211 3168 scandentem

162 3200 324 3276 perardua
345 3211 372 3259 et
394 3201 557 3278 inaequalia
578 3202 762 3262 describeret.
811 3204 851 3263 Et
871 3205 927 3264 hoc
947 3216 1075 3282 praestat
1096 3206 1212 3265 lectioni

161 3296 262 3357 Voss?
278 3300 409 3374 320221,ο
429 3299 494 3358 licet
513 3319 549 3359 ne
570 3300 599 3359 id
622 3300 741 3378 quidem
764 3303 961 3379 spemeudum
978 3304 1022 3378 sit,
1040 3323 1095 3363 nec
1114 3304 1212 3381 inepte

162 3396 301 3455 referatur
314 3396 351 3454 ad
366 3415 483 3468 cursum
492 3389 572 3457 tarde
586 3399 743 3475 gradientis
757 3419 809 3477 per
817 3401 991 3478 confragosa
1002 3403 1066 3461 loca
1079 3412 1172 3461 terrae
1183 3412 1212 3461 et

162 3494 252 3570 pedes
266 3494 463 3572 degrauantia.
509 3495 608 3555 Gradi
622 3498 652 3555 in
669 3496 726 3558 hoc
739 3517 795 3558 usu
811 3499 916 3572 tritum,
932 3499 1034 3560 Catull.
1049 3500 1087 3561 xi.
1102 3520 1130 3575 9.
1144 3499 1213 3560 Siue

161 3599 244 3651 trans
257 3595 333 3652 altus
340 3595 494 3668 gradietur
507 3593 601 3670 Alpm.

203 3690 350 3750 Secuntur
366 3695 433 3766 326,
450 3707 507 3768 327
524 3711 598 3770 quos
614 3693 739 3753 lacobus
751 3715 787 3754 ex
801 3698 952 3756 codicibus
966 3697 1026 3756 suis
1040 3697 1081 3756 sic
1095 3697 1184 3756 edidit

285 3788 384 3860 Quam
406 3791 487 3848 tereti
508 3801 610 3850 natura
630 3792 694 3852 solo
715 3793 871 3854 deciscinat
890 3796 992 3855 orbern

285 3887 321 3945 In
343 3888 484 3947 tumidum
505 3899 534 3948 et
556 3890 681 3949 mediam
702 3893 733 3950 in
754 3894 865 3953 mundo
886 3893 1034 3970 suspendit
1055 3896 1093 3952 ab
1114 3896 1205 3976 omni¹
