2760 4448
667 260 718 316 III

205 427 261 487 III.
277 430 316 487 80
331 422 372 486 sic
386 436 463 485 extat
475 425 506 484 in
523 421 639 484 Gembl.

286 525 384 603 Atque
403 525 476 584 alius
496 540 560 584 sors
580 542 712 601 quaeque
734 519 824 556 *****
847 522 995 583 accederet
1015 531 1093 583 astro

162 635 192 684 et
213 625 254 683 sic
275 622 345 684 Cus.
359 640 427 682 cum
447 621 600 682 Vossianis
621 622 675 680 nisi
693 622 773 700 quod
795 623 868 682 inter
886 640 1007 698 quaeque
1027 633 1055 682 ct
1075 622 1213 681 accederet

162 723 289 800 spatium
303 738 364 780 non
377 728 431 780 est.
533 752 534 756 =

204 821 241 880 In
254 822 296 879 ob
311 821 353 880 sic
366 819 487 879 traditus
502 827 546 878 est

285 918 383 997 Atque
403 918 467 978 aliis
487 917 544 976 alio
565 934 628 976 sors
649 933 783 994 quaeque
804 914 898 995 acce(i
912 913 1022 996 o)deret
1043 924 1130 976 astro.

204 1017 352 1079 Bentleius
365 1034 482 1076 uersum
496 1017 537 1075 sic
551 1015 712 1092 refingebat

285 1116 381 1193 Atque
402 1115 474 1174 alias
494 1115 542 1173 alii
563 1131 626 1172 sors
648 1131 781 1191 quaeque
802 1112 953 1173 accederet
974 1123 1061 1186 astro,

160 1215 247 1276 solita
274 1214 459 1292 copulatione
485 1222 514 1272 et
541 1212 723 1284 Lucretiana,
747 1221 780 1271 ut
800 1213 836 1270 vi.
861 1214 938 1288 1236
962 1211 1019 1272 Ex
1043 1214 1111 1271 alcis
1134 1211 1213 1271 altor.

162 1313 406 1374 Gemblacensem
420 1313 444 1372 si
458 1311 615 1389 sequimur,
628 1311 749 1387 propius
763 1312 801 1370 ad
815 1311 992 1388 archetypon
1006 1311 1126 1372 accedet

285 1412 382 1490 Atque
402 1412 449 1471 alii
470 1428 532 1471 sors
553 1428 686 1487 quaeque
706 1410 777 1469 alias
798 1409 949 1469 accederet
970 1419 1056 1470 astro.

161 1509 232 1570 Hoc
254 1511 279 1570 si
296 1529 364 1570 uere
382 1509 499 1587 colligo,
515 1511 572 1567 alii
586 1509 617 1567 in
635 1509 711 1579 atelle,
727 1508 784 1567 hoc
803 1508 833 1566 in
852 1509 928 1566 aleier
949 1498 1139 1585 deprauatum
1159 1518 1212 1568 est.

161 1609 202 1668 Et
215 1609 315 1668 nescio
329 1608 399 1686 quid
412 1607 561 1668 uenustius
575 1616 681 1666 sonant
695 1606 785 1666 uerba
799 1605 856 1665 hoc
870 1607 965 1683 posita
979 1607 1090 1669 ordine.

203 1706 259 1765 III.
274 1711 371 1783 89-91
389 1706 429 1765 sic
443 1714 543 1765 extant
555 1706 587 1763 in
602 1704 717 1764 Gembl.

284 1805 326 1864 Vt
346 1805 382 1865 sit
402 1823 471 1864 cum
490 1803 589 1862 stellae
610 1822 666 1862 aur.
688 1800 824 1862 leduntue
845 1804 982 1862 iuuantue

285 1903 496 1963 Cardinibusue
516 1910 636 1961 mouent
656 1900 754 1960 diuina
774 1902 903 1978 potentia
923 1901 1025 1961 mundi

287 2001 334 2061 Sic
354 2001 421 2060 felix
442 2010 492 2060 aut
511 2000 589 2059 triste
609 2000 690 2058 uenit
709 2017 762 2075 per
783 1999 898 2076 singula
918 1998 1018 2058 satum.

203 2101 243 2172 89
256 2097 298 2157 Vt
311 2114 379 2156 cum
395 2095 463 2155 Cur.
484 2091 568 2154 Vorr.1
613 2093 779 2170 Vtcumque
801 2091 888 2153 Vors.²
916 2096 995 2173 fort.
1011 2094 1178 2172 Vtcumque
1191 2094 1214 2153 it

161 2194 228 2275 (id).
273 2213 312 2271 90
325 2202 424 2253 mouet
445 2189 532 2251 Voss.²

202 2295 315 2354 Verum
333 2292 404 2351 mihi
424 2291 527 2350 uideor
540 2290 648 2350 eruisse
668 2291 844 2367 comparatis
858 2309 932 2368 quae
948 2290 1036 2349 habet
1051 2288 1167 2350 Gembl.
1184 2299 1213 2349 et

162 2413 238 2472 quae
252 2391 352 2452 Voss.²
393 2388 471 2450 Nam
492 2407 560 2448 cum
580 2391 611 2448 in
632 2389 689 2448 hoc
708 2389 744 2448 sit
765 2389 919 2466 Vtcumque,
934 2390 965 2448 in
984 2388 1102 2449 Gembl.
1124 2388 1159 2447 Vt
1175 2391 1214 2447 sit

162 2512 232 2564 cum,
247 2509 319 2550 uero
337 2489 429 2548 simile
448 2498 492 2548 est
510 2488 541 2545 in
561 2487 717 2564 archetypo
734 2486 821 2547 luisse
835 2507 960 2556 vrcvrto.
976 2507 1016 2561 rr,
1032 2487 1110 2547 unde
1127 2487 1212 2546 facile

161 2607 308 2652 vrcvrtsrr
320 2596 523 2666 procreaturus
537 2596 598 2645 erat
612 2604 692 2645 error
706 2586 820 2645 librarii.

201 2688 258 2748 III.
277 2706 333 2762 119
348 2687 389 2745 sic
404 2694 484 2744 extat
497 2685 528 2742 in
543 2684 660 2744 Gembl.

284 2784 382 2862 Atque
401 2795 559 2860 utcumque
580 2792 683 2859 gerunt
706 2783 885 2842 dominantia
906 2783 1009 2860 sydera
1029 2795 1140 2860 parent,

163 2895 316 2961 utrumque
338 2877 424 2941 Voss.2
457 2892 515 2957 pro
536 2890 636 2957 parent
657 2880 699 2939 bo
718 2880 820 2939 habent
838 2892 967 2953 manant,
989 2882 1074 2942 Voss.l
1096 2890 1123 2941 ct
1143 2883 1209 2944 Cur.

163 3001 271 3041 uersum
285 2983 326 3039 ric
339 2980 470 3040 exhibent
480 2978 578 3056 Atque
592 2989 741 3057 utcunque
756 2978 867 3038 ducunt
887 2980 1003 3060 (gerunt
1019 2981 1100 3061 Cur.)
1119 2981 1212 3041 domi-

164 3081 262 3140 nantia
276 3079 370 3159 sidera
384 3086 512 3137 manent.

201 3180 272 3238 Hoc
293 3177 382 3238 credo
401 3177 442 3236 sic
461 3186 559 3236 ortum
578 3175 683 3248 fuisse3
712 3195 799 3252 supra
815 3184 922 3252 gerunt
928 3174 938 3205 ¹
958 3179 1098 3254 scriptum
1119 3177 1211 3237 luerat

948 3289 1009 3322 man

164 3343 271 3417 ducunt,
288 3359 348 3419 quo
362 3340 392 3400 id
406 3340 616 3418 explicaretur3
641 3349 703 3398 tum
718 3340 748 3398 in
763 3340 819 3398 line
834 3358 934 3399 uersus
940 3348 1048 3417 parent
1059 3352 1211 3400 exaratum

164 3452 213 3514 est,
232 3459 302 3500 cum
320 3440 462 3516 litteraep
476 3458 494 3496 r
507 3438 556 3496 uix
571 3448 651 3497 certo
665 3438 835 3514 legerenttu.
877 3438 935 3497 Pro
947 3446 1053 3515 parent
1065 3438 1211 3498 Bentleius
1315 3520 1321 3530 ,

165 3539 288 3618 reposuit
297 3545 404 3615 paren
426 3548 458 3597 ut
472 3536 593 3609 uidetur,
608 3537 776 3597 rectissime.

193 3698 203 3727 ¹
218 3696 250 3746 ld
260 3696 373 3760 Scaliger
384 3695 522 3760 corrigebat
538 3695 564 3743 in
581 3703 673 3759 regunt
679 3711 691 3755 ;
712 3696 754 3745 sed
765 3711 850 3745 uerum
862 3701 1009 3760 potestesse
1022 3703 1123 3760 gerunt.
1157 3698 1212 3748 Att.

167 3776 209 3824 xri.
222 3788 243 3825 2.
259 3775 371 3825 eonrm'a
382 3779 467 3823 nostra
479 3774 517 3822 ita
524 3773 613 3836 genio,
625 3775 709 3836 regite,
718 3775 855 3836 gubernato
871 3781 901 3822 ut
916 3775 988 3823 nteit
1001 3791 1018 3823 a
1034 3790 1072 3823 me
1088 3782 1210 3838 exspectes.

168 3850 246 3904 quen.
257 3855 290 3903 iv.
302 3854 331 3901 81
346 3852 430 3901 maria
441 3867 469 3900 ac
480 3857 561 3901 terras
571 3853 721 3916 populosque
729 3853 842 3914 gerenti:
859 3853 893 3901 sic
905 3853 970 3901 enim
982 3852 1138 3903 Pithoeanus.

680 3951 699 3994 G
