2760 4448
600 283 645 334 rr
1078 283 1140 354 137

121 443 192 505 'Pro
205 444 251 503 Ac
264 443 364 503 nescio
378 461 415 502 an
431 441 616 503 scribendum
631 445 666 502 sit
680 442 781 518 Atque.
825 441 882 502 Sed
889 447 975 518 porta
996 452 1062 520 eget
1083 443 1144 519 epi-

95 544 175 602 theto
188 561 262 615 suo;
283 543 313 601 id
332 542 459 601 Iacobus
472 541 625 619 suppleuit,
641 543 739 618 tneque
755 543 884 601 scribens
893 560 902 614 3
918 541 968 599 uix
982 541 1051 601 satis
1068 551 1145 618 apte.

94 640 197 700 Fuitne
211 645 333 717 apertat

135 738 189 798 IV.
204 742 263 798 608
278 757 342 817 sqq.
358 739 399 799 sic
414 748 513 798 extant
526 738 557 798 in
571 737 687 799 Gembl.

216 838 255 896 Et
275 839 354 914 prius
375 838 406 895 in
426 837 507 896 leuas
527 836 681 897 effundens
702 837 802 897 circuit
823 852 943 897 omnem

216 934 330 995 Italiam
351 944 437 1012 atque
458 934 569 994 adriam
590 935 742 995 comitatus
763 935 882 993 nomine
902 944 1028 1011 pontum

137 1037 195 1093 610
216 1034 393 1111 Eridanique
408 1033 480 1093 bibit
500 1033 604 1093 fluctus
625 1043 704 1093 secat
725 1050 852 1110 aequore
873 1032 981 1090 bellurn

216 1132 355 1192 Illiricum
376 1132 557 1209 Epirumque
578 1132 657 1191 lauat
677 1131 842 1209 claramque
864 1130 1038 1191 Corinthum

216 1231 256 1290 Et
275 1231 470 1309 Peloponensi
490 1230 603 1307 patulas
624 1231 813 1290 circumuolat
833 1248 899 1289 oras

205 1328 330 1389 Rursus
350 1341 379 1389 et
399 1331 430 1388 in
451 1330 548 1389 leuum
569 1329 664 1389 refluit
685 1339 826 1405 uastoque
847 1345 963 1388 recessu

218 1426 390 1487 Thessaliae
411 1428 484 1487 fines
504 1438 533 1486 et
554 1426 673 1487 achaica
694 1428 829 1503 praeterit
849 1445 926 1486 arua.

136 1527 195 1603 609
218 1534 304 1603 atque
323 1546 373 1586 unz.
393 1526 473 1603 Lips.
493 1546 529 1586 m.
537 1537 587 1602 pr.
601 1534 627 1584 et
650 1525 735 1584 Voss.²
756 1525 865 1584 adriam
887 1525 1041 1585 comitatus
1061 1525 1142 1602 Latis.

97 1623 165 1684 Cus.
198 1625 283 1684 Voss.¹
309 1625 427 1684 adream
454 1634 639 1684 conmutatus
671 1622 758 1684 Voss.²
800 1627 860 1683 610
881 1623 989 1683 uellum
1016 1643 1039 1682 o.
1083 1626 1139 1683 611

94 1723 172 1781 labat
190 1723 409 1782 Vossr'anz'lauat
421 1743 443 1782 u.
488 1727 546 1795 614
562 1722 674 1783 achalia
691 1723 760 1784 Cus.
783 1720 867 1782 Voss.¹
909 1722 1025 1783 athicha
1043 1722 1129 1782 Voss.²

136 1821 227 1879 Hunc
243 1821 339 1880 locum
353 1822 492 1898 exscripsi
507 1824 579 1880 sicut
599 1822 629 1879 in
649 1821 765 1880 Gembl.
781 1820 901 1880 traditus
915 1831 967 1891 est,
983 1840 1044 1880 non
1061 1832 1092 1879 ut
1112 1822 1143 1879 in

95 1919 306 1979 dubitationem
337 1937 475 1978 uocarem
506 1938 580 1996 quae
611 1921 724 1996 optime
752 1921 811 1978 iam
845 1919 1000 1978 emendata
1032 1930 1098 1978 sunt
1125 1939 1143 1978 a

96 2016 242 2093 Scaligero
253 2027 281 2079 et
290 2016 430 2089 Bentleio,
441 2017 520 2076 uelut
536 2021 595 2093 609
610 2017 727 2076 Italiam
736 2018 865 2076 Aarnco
880 2023 1013 2076 mutatum
1030 2020 1143 2076 nomena

87 2118 247 2192 pentacos
257 2117 287 2174 in
301 2118 409 2174 laeuam
420 2114 512 2194 (meua
527 2115 667 2193 Iacobus)
676 2118 861 2194 seeffundens,
878 2117 929 2174 sed
938 2116 1008 2193 quia
1022 2134 1142 2193 scrupu-

95 2215 155 2275 lum
169 2225 269 2273 mouet
283 2214 312 2272 id
327 2215 407 2291 quod
421 2233 439 2273 a
453 2214 586 2274 Bentleio
601 2216 798 2291 excogitatum
809 2216 935 2274 Iacobus
949 2232 1065 2291 quoque
1080 2224 1143 2271 tan·

94 2330 184 2391 quam
204 2331 305 2371 uerum
329 2313 454 2390 recepit:
477 2313 544 2372 dico
568 2314 678 2371 laeuum
697 2332 751 2389 pro
771 2313 868 2371 bellum
888 2312 918 2370 in
939 2316 1007 2372 610.
1050 2311 1097 2371 Sic
1119 2312 1143 2370 si

95 2411 208 2488 scn'psit
235 2409 383 2483 Manilius,
405 2429 497 2468 unum
525 2421 567 2470 ter
593 2411 712 2483 iterauit,
734 2413 815 2469 laeua
846 2413 915 2482 608,
940 2412 1048 2469 laeuum
1072 2413 1140 2482 610,

94 2511 203 2568 laeuum
219 2513 276 2584 613
288 2528 295 2568 ε
317 2528 412 2587 neque
422 2509 480 2568 hoc
494 2510 597 2580 solum,
614 2508 665 2568 sed
679 2518 708 2569 et
723 2510 803 2568 nulla
817 2527 915 2580 causa,
924 2509 996 2567 nihil
1010 2509 1089 2568 enirn
1103 2509 1142 2568 ad

94 2625 156 2664 rem
177 2607 375 2667 illustrandam
396 2608 511 2686 proficit
532 2610 641 2666 laeuum
663 2607 739 2666 istud
759 2609 789 2665 in
812 2611 891 2680 6103
917 2625 988 2665 nam
1008 2606 1142 2665 dextrum

94 2706 192 2781 potius
209 2705 354 2783 Illyricum
372 2706 529 2766 dicendum
544 2716 613 2778 erat,
629 2706 702 2765 sicut
722 2709 780 2780 604
800 2706 884 2765 Italia
903 2707 989 2766 urbes
1010 2705 1142 2765 dextram

94 2805 209 2863 sinuare
226 2805 256 2862 in
276 2805 385 2864 undam
408 2805 543 2881 fingitur:
565 2806 728 2882 eodemque
749 2823 836 2864 sensu
855 2805 927 2864 dixit
949 2807 1007 2880 613
1023 2803 1143 2864 Rursus

93 2911 120 2960 et
136 2905 167 2961 in
188 2905 296 2961 laeuum
318 2906 415 2983 refluit
433 2904 470 2963 de
490 2906 564 2963 mari
585 2905 616 2962 in
635 2903 770 2980 Aegeum
792 2905 889 2963 sinum
915 2922 946 2962 se
971 2904 1141 2963 deflectente

94 3001 388 3080 Peloponnesumque
409 3014 438 3063 et
461 3002 644 3062 Thessaliam
663 3003 892 3079 praeterfluente.
936 3001 1017 3073 Quid
1031 3001 1141 3059 multa?

93 3101 182 3160 credo
203 3100 300 3158 bellurn
321 3103 415 3161 autin
436 3103 514 3161 littus
535 3113 584 3160 aut
605 3105 712 3161 uallum
732 3101 935 3176 refingendum
956 3118 1028 3159 esse.
1071 3100 1141 3158 Hoc

93 3199 237 3274 posterius
251 3199 393 3258 fautorem
408 3202 461 3260 sibi
475 3201 564 3263 habet
579 3201 712 3260 codicem
726 3221 741 3257 o
755 3201 785 3258 in
800 3217 860 3276 quo
879 3208 922 3261 est
935 3201 1045 3269 uellum,
1061 3198 1141 3274 quod

93 3315 161 3356 cum
184 3299 272 3356 uelum
293 3298 340 3356 hic
361 3317 422 3358 non
443 3300 535 3375 possit
556 3317 630 3370 esse,
652 3301 757 3357 uallum
779 3298 876 3375 potius
897 3297 1043 3358 occultare
1065 3316 1139 3356 reor.

94 3394 212 3452 Vallum
227 3395 297 3454 dixit
311 3395 457 3471 illyricum
472 3397 571 3456 habita
585 3397 696 3456 ratione
711 3397 889 3456 excelsarum
904 3397 1020 3472 rupium
1035 3396 1141 3472 quibus

93 3493 142 3552 illa
159 3512 211 3552 ora
229 3495 432 3571 praecingitur,
454 3497 704 3572 quemadmodum
723 3495 827 3555 Cicero
847 3495 904 3553 Pis.
922 3494 1021 3552 xxxiii.
1042 3497 1077 3551 81
1103 3495 1140 3552 de

94 3592 219 3668 Alpibus
238 3593 351 3669 scripsit
372 3595 452 3651 cutus
466 3614 513 3669 ego
535 3597 690 3669 imperium,
705 3615 759 3652 non
778 3594 895 3670 Alpium
917 3595 1023 3651 uallum
1042 3600 1141 3650 contra

70 3728 74 3734 ,
93 3692 255 3750 adscensum
268 3693 567 3768 transgressionemque
584 3693 748 3751 Gallorum.
764 3737 771 3750 .
788 3694 887 3750 ⁸obicio
901 3699 927 3748 et
937 3701 1057 3767 oppono:
1073 3700 1140 3767 per-

80 3787 159 3861 fecit
179 3787 224 3842 ille
242 3793 274 3844 ut
290 3788 320 3844 st'
338 3794 438 3844 neantes
460 3789 625 3859 resede'ssent,
642 3807 734 3846 artinas
749 3789 934 3856 exaruissent,
950 3804 1003 3842 nort
1023 3793 1140 3843 naturae

86 3885 239 3959 praestitas,
254 3886 303 3953 sed
313 3887 431 3944 uictoria
440 3905 493 3943 sua
506 3887 637 3960 rebusque
645 3889 733 3960 gestis
747 3885 863 3944 Italr'nm
881 3887 1014 3942 mum'tam
1029 3884 1140 3945 tabere-
