2760 4448
160 295 226 357 204
472 290 621 343 noceas
640 284 895 371 ΙιῐΑΝιιιΑΝΑΈΙ

160 456 235 510 cetus
254 449 417 510 cnrnoluens
437 469 568 527 squamea
587 458 668 528 terga
690 450 812 511 Orbibus
832 453 962 529 insurgit
980 451 1061 510 tortis
1073 452 1211 530 etflucln·

161 549 280 608 atalae.
990 541 997 553 ⁸

204 645 241 706 V·
256 663 315 724 590
331 666 395 725 sqq.
945 719 948 725 .

286 761 364 822 Cum
383 773 434 821 tua
454 761 512 821 fata
529 761 608 821 cauis
629 781 646 821 e
667 764 787 840 rupibus
807 764 871 840 ipsa
892 761 1007 823 uideres

287 860 514 937 Adnantemque
534 861 586 919 tibi
606 879 735 938 poenam
756 861 936 939 pelagusque
956 861 1105 932 ferentem,

287 958 438 1031 Quantula
457 959 565 1036 praeda
585 961 689 1018 maris!
712 961 856 1037 †quantis
876 960 923 1019 hic
945 960 1080 1019 subuolat
1100 958 1213 1025 †undis

287 1055 410 1117 Perseus
432 1067 461 1117 et
481 1057 564 1117 caelo
583 1057 717 1135 pendens
738 1059 879 1118 iaculatur
899 1059 930 1117 in
951 1057 1075 1117 hostem.

162 1189 277 1268 quantes
287 1188 403 1249 Gembl.
412 1187 548 1249 Vossiani
557 1191 646 1247 ambo
667 1198 696 1249 et
710 1189 779 1249 Cus,
793 1191 877 1248 undas
892 1189 1008 1249 Gembl.
1018 1191 1073 1248 alr's
1083 1187 1214 1267 plerique

163 1288 290 1348 codices.
318 1287 521 1346 Emendarunt
527 1288 643 1364 plausis
653 1287 811 1360 Bentleius,
821 1291 932 1364 quassis
943 1289 1076 1348 Iacobus.
1109 1287 1215 1346 Malim

156 1387 269 1465 plantis
281 1388 327 1445 ln'c
340 1387 470 1445 subnotat
481 1388 538 1445 ales
553 1387 683 1444 Perseus.
726 1385 773 1445 Sie
788 1387 868 1445 enim
882 1387 976 1446 innuit
990 1386 1131 1445 talaribus
1145 1386 1214 1443 sub·

164 1495 282 1545 uectum
297 1484 414 1557 Persea,
429 1484 460 1543 id
474 1484 555 1561 quod
568 1485 633 1562 ipso
650 1485 740 1544 uerbo
758 1503 829 1544 usus
844 1485 971 1545 Ouidius
992 1485 1068 1557 dicit,
1084 1483 1216 1543 fabulam

164 1583 373 1643 Andromedae
388 1601 510 1642 narrans
525 1581 596 1642 Met.
612 1583 646 1642 iv.
663 1596 731 1659 730.

205 1680 244 1742 V.

260 1697 347 1839 59S9ed
368 1788 511 1857 quantum
523 1778 581 1837 -illa
602 1780 679 1838 subit
699 1798 814 1857 semper
835 1779 960 1839 iaculata
981 1779 1138 1856 profundo.

207 1909 378 1971 Gronouius
392 1911 517 1970 Obseru.
532 1911 560 1970 ii.
579 1930 612 1969 11
631 1911 724 1983 ‘Quis
742 1930 803 1971 non
821 1912 920 1972 uideat
938 1911 1112 1989 legendum:
1136 1915 1220 1968 semet

166 2007 332 2070 eiaculatui'
376 2008 447 2068 Non
470 2010 543 2068 uidit
565 2009 699 2080 Iacobus,
722 2011 772 2087 qui
796 2022 924 2087 muman
948 2012 1094 2081 maculata,
1117 2009 1217 2068 neseio

167 2126 227 2187 qua
241 2108 426 2185 peruersitate
440 2107 552 2179 duetus,
568 2107 709 2184 praetulit.
754 2107 844 2185 Atqui
863 2127 1074 2186 saepenumero
1088 2126 1159 2166 usus
1174 2116 1218 2164 est

167 2206 314 2267 uocabulo
328 2211 410 2264 senze!
421 2204 567 2277 Manilius,
582 2223 637 2264 nec
652 2207 813 2284 quidquam
827 2207 922 2266 uersui
937 2207 1033 2285 aptius
1047 2205 1203 2265 inueneris.

207 2302 246 2364 V.
262 2309 331 2381 609,
348 2308 408 2362 610
424 2303 464 2362 sie
480 2313 579 2362 extant
592 2304 623 2361 in
639 2304 755 2364 Gembl.

291 2418 429 2478 Tandem
449 2417 593 2478 confossis
615 2419 744 2479 subsedit
764 2418 851 2478 belua
871 2419 999 2479 menbris

291 2517 382 2577 Plena
403 2517 491 2576 maris
514 2535 702 2594 summasque
722 2517 826 2576 iterum
848 2518 960 2577 renauit
980 2517 1018 2577 ad
1038 2515 1143 2577 undas.

211 2655 271 2710 610
285 2668 473 2728 summasque
487 2649 594 2708 iterum
611 2649 691 2725 [ᾡς.
714 2648 782 2708 Cns.
805 2648 889 2709 Voss?
904 2668 1033 2709 summas
1054 2650 1218 2726 iterumque

176 2748 262 2811 Voss.¹
290 2749 424 2826 regnauit
453 2748 542 2806 Voss.2
566 2754 593 2806 et
617 2747 698 2824 Lrps.
721 2748 770 2806 sed
800 2749 846 2806 hic
870 2750 984 2807 z'nducta
1008 2767 1036 2825 g.
1078 2749 1219 2807 remeauit

169 2840 321 2925 ¹Wr'tlrofins
341 2846 483 2905 renatauit
504 2845 651 2904 Brez‘terns
671 2846 722 2903 An
743 2846 885 2922 reptauit?

210 2946 336 3024 Reptare
355 2945 507 3022 proprium
528 2944 564 3004 de
586 2945 768 3021 serpentibus
789 2955 818 3003 et
838 2944 937 3004 beluis.
982 2944 1053 3003 Stat.
1068 2943 1165 3003 Theb.
1181 2944 1218 3002 iii.

171 3047 229 3119 289
257 3044 367 3104 Veneris
386 3047 461 3122 quod
476 3047 547 3123 filia
567 3048 679 3121 letigum
699 3042 808 3120 Repiai
826 3051 852 3104 et
870 3044 1004 3118 Illyricas
1024 3047 1119 3103 eiectat
1137 3046 1220 3102 uerus

169 3145 201 3201 in
214 3143 325 3203 herbas.
367 3143 520 3203 Claudian.
542 3145 578 3203 de
600 3144 689 3204 Cons
712 3142 821 3201 Stilich.
846 3158 899 3219 171
923 3143 1105 3219 Epzilaurzies
1126 3144 1220 3218 hospes

168 3241 308 3317 Reptaur't
321 3244 436 3319 placido
457 3248 736 3318 nortmanniamque
753 3254 808 3319 per
828 3244 920 3301 undas
939 3241 1042 3300 Insula
1063 3242 1220 3300 Paeonium

169 3342 245 3400 texit
261 3339 394 3400 Tz'berz'na
409 3343 564 3400 draconem.

169 3445 172 3453 '
212 3438 249 3495 V.
266 3443 333 3514 630,
350 3443 405 3515 631
424 3440 465 3499 sic
479 3450 578 3499 extant
591 3440 621 3498 in
637 3439 754 3500 Gembl.

293 3555 467 3615 Vinctorum
487 3556 624 3616 dominus
646 3556 800 3633 sociusque
821 3554 853 3613 in
873 3565 955 3632 parte
976 3564 1097 3613 catenae

293 3654 445 3712 Interdum
466 3655 567 3732 paenis
589 3655 710 3715 innoxia
731 3673 855 3731 corpora
876 3663 982 3714 seruat.

169 3786 354 3862 noxialiter.
369 3807 431 3845 cum
453 3787 539 3847 Voss.2
551 3797 644 3848 seruet
666 3784 753 3847 Voss.²

171 3914 174 3919 ·
213 3884 356 3946 Fueratne
371 3906 425 3946 non
440 3888 555 3949 noxiis)
589 3887 675 3948 Certe
690 3886 791 3948 melius
805 3886 846 3946 sic
861 3904 891 3946 se
906 3883 995 3945 habet
1009 3884 1167 3946 Interdum.
