2760 4448
403 1059 688 1134 ADDENDA
728 1061 785 1133 IN
825 1061 1124 1136 MANILIVM.

248 1232 258 1250 ί
293 1265 346 1324 IV.
363 1284 421 1324 200

375 1365 411 1422 In
432 1365 503 1423 uitio
524 1367 604 1423 bona
625 1373 709 1422 sunt:
732 1374 847 1424 teneros
868 1365 962 1441 pudor
982 1365 1103 1442 impedit
1124 1384 1230 1426 annos.

253 1461 401 1538 Respexit,
419 1463 515 1534 credo,
531 1463 725 1523 Homericum
744 1463 814 1522 illud
828 1464 863 1523 11.
878 1466 952 1524 xxiv.
970 1484 1018 1537 44,
1036 1479 1074 1539 45
1090 1467 1168 1524 αἰδώς
1182 1510 1189 1522 .
1205 1510 1212 1525 .
1229 1511 1236 1526 .
1253 1467 1304 1538 ἤτ’

293 1563 385 1635 ἄνδρας
408 1563 473 1635 μέγα
496 1561 594 1618 σίνεται
617 1562 655 1634 ἧδ’
676 1561 782 1633 ὀνίνησι,
803 1563 853 1640 qui
874 1581 974 1622 uersus
997 1582 1065 1621 cum
1086 1563 1135 1622 illo
1152 1563 1245 1622 altero
1267 1584 1303 1623 ex

294 1658 428 1735 Odyssea
446 1660 510 1719 xvii.
532 1674 588 1734 347
611 1663 694 1719 Αἰδὼς
712 1663 735 1717 δ’
756 1664 802 1717 οὐκ
821 1663 904 1735 ἀγαθὴ
926 1665 1071 1739 κεχρημένῳ
1092 1663 1166 1735 ἀνδρὶ
1186 1668 1304 1735 παρεῖναι

293 1759 465 1818 coniunctus
486 1759 589 1834 legitur
611 1758 688 1834 apud
710 1759 876 1818 Hesiodum
895 1761 934 1819 ’E.
949 1785 971 1819 κ.
985 1762 1028 1818 Ἡ.
1046 1775 1113 1836 317,
1130 1763 1200 1835 318.

294 1857 331 1914 V.
348 1859 407 1930 546

336 1954 427 2027 Quod
447 1954 666 2015 hic·uolueram
689 1957 812 2016 scribere

375 2053 434 2112 Hic
455 2053 634 2130 hymenaeus
655 2066 715 2114 erat
735 2057 838 2113 solatae
859 2055 975 2132 publica
996 2056 1105 2114 damna

374 2152 498 2210 Priuatis
1097 2218 1099 2222 ¹

252 2270 314 2310 non
325 2252 363 2309 ab
374 2270 403 2310 re
415 2251 467 2309 erit
481 2249 603 2309 similem
615 2269 699 2309 nsum
712 2252 823 2311 adferre
833 2252 977 2329 participii
991 2253 1021 2309 in
1032 2253 1123 2310 uerbo
1136 2251 1303 2328 deponente

253 2350 302 2425 qui
317 2351 347 2407 in
362 2349 498 2408 Lucretio
512 2359 555 2408 est
569 2349 596 2408 ii.
615 2353 701 2408 1162.
743 2351 821 2408 Eum
835 2369 951 2410 uersum
965 2350 1025 2408 AB
1041 2351 1082 2410 sic
1096 2350 1278 2410 tradiderunt

377 2448 557 2506 Conficimus
577 2447 684 2506 ferrum
706 2449 757 2506 uix
778 2450 855 2508 aruis
876 2449 1060 2526 suppeditati,

254 2546 335 2622 quod
355 2546 459 2604 frustra
476 2556 582 2605 tutatus
604 2556 646 2605 est
662 2545 771 2606 Mnnro
787 2549 817 2604 in
833 2547 997 2606 Comment.
1013 2547 1051 2605 ad
1072 2547 1180 2606 locum.
1224 2545 1304 2605 Nam

253 2644 441 2703 scribendum
462 2655 505 2703 est
525 2647 679 2721 suppetziztz',
694 2647 735 2702 uti
750 2646 847 2704 multis
867 2658 934 2704 ante
956 2647 1039 2704 annis
1054 2645 1139 2703 docui
1158 2647 1187 2703 in
1203 2643 1304 2702 Dianio

255 2741 357 2801 Philol.
368 2743 490 2802 Cantab.
504 2743 549 2800 vii.
562 2760 618 2819 259
636 2740 750 2823 (1877).
776 2744 838 2803 Cic.
852 2745 890 2802 ad
903 2743 963 2803 Att.
978 2744 1033 2803 xiv.
1049 2749 1094 2802 18.
1109 2763 1123 2800 2
1140 2741 1185 2800 De
1198 2742 1304 2800 Patul-

253 2843 332 2899 ciano
352 2843 459 2898 nomine
479 2843 553 2915 quod
571 2842 646 2898 mz'liz'
662 2844 832 2917 suppeltotus
852 2862 879 2900 es
895 2844 1091 2918 gralzssz'mum
1112 2848 1152 2898 est
1169 2848 1195 2897 et
1214 2841 1306 2898 simile

253 2949 365 2998 tuorum
374 2942 504 3011 ammom,
516 2940 566 2997 ubi
580 2939 720 2999 editiones
736 2939 873 2999 Romana
886 2951 915 2999 et
926 2941 1102 3001 Iensoniana
1115 2941 1306 3015 suppeditatas

255 3040 403 3116 praebent.
434 3037 502 3097 ‘We
511 3057 587 3096 wear
596 3050 647 3098 out
661 3040 735 3113 iron,
751 3039 878 3116 scarcely
888 3039 954 3097 thus
970 3039 1089 3115 coming
1103 3048 1134 3096 to
1148 3038 1196 3096 the
1212 3036 1260 3096 aid
1275 3035 1310 3096 os

256 3156 308 3196 our
322 3136 482 3195 exhausted
496 3136 594 3196 fields.'
