2760 4448
163 271 203 336 88
480 283 629 334 nocens
648 282 897 335 Mnnrarnnnn

160 443 264 523 potius
279 461 340 504 non
360 450 481 514 careant,
503 442 543 502 uti
564 443 676 501 Iacobo
697 442 792 501 uisum
812 450 865 512 est,
883 450 1015 500 natantes
1036 448 1065 498 et
1085 440 1209 500 incertas

160 544 267 602 litteras
286 541 388 617 legerit
401 540 544 599 Falconer
559 539 671 599 Madan
690 541 773 598 cuius
787 539 878 599 oculis
893 539 923 596 in
932 539 995 598 ¹hac
1013 539 1080 597 crisi
1093 540 1209 615 palaeo-

161 639 300 718 graphica
314 638 438 697 multum
456 639 559 697 tribuo,
601 637 640 696 Et
657 645 773 697 careant
789 638 907 714 quidem
926 655 995 697 cum
1010 635 1127 695 Gembl.
1143 636 1209 696 Cus.

162 738 243 815 Lips.
264 737 372 797 habent
392 737 480 795 etiam
501 735 542 796 ba
563 746 592 796 et
612 736 677 795 cod.
699 736 863 808 Parisinus;
893 754 968 795 unus
989 731 1089 794 Voss.1
1110 736 1213 793 cadant

161 836 284 897 sortasse
294 854 330 894 ex
341 833 533 912 praecedente
543 852 636 895 uersu.
668 833 818 894 Bentleius
824 841 951 912 pereant,
962 833 1089 893 Iacobus
1100 835 1210 903 lateant,

161 954 217 1012 ego
228 936 336 993 taceant
345 933 555 992 diuinauimus:
576 931 628 991 sed
639 935 725 993 lateat
737 933 832 1008 potius
846 951 923 1009 quae
937 931 968 990 in
981 931 1098 1006 magnis
1112 932 1211 990 insunt

161 1053 269 1112 parua;
291 1035 401 1095 taceant
417 1032 481 1092 lte.
495 1032 678 1108 negligantur
699 1032 749 1090 uix
770 1031 839 1090 satis
860 1030 1073 1089 Manilianum:
1094 1037 1213 1105 pereant

161 1151 217 1192 nec
228 1132 316 1209 longe
326 1132 407 1196 abest
417 1149 435 1188 a
446 1130 580 1190 ductibus
591 1130 748 1191 litterarum
762 1138 791 1189 et
806 1129 844 1189 ad
858 1130 1030 1191 sententiam
1042 1128 1210 1187 facillimum

162 1241 213 1290 est.

203 1326 258 1387 111.
275 1344 415 1404 292-294
431 1326 471 1387 sic
486 1335 585 1385 extant
600 1327 631 1386 in
645 1324 760 1386 Gembl.

285 1489 492 1568 Occiduusque
513 1491 587 1551 aries
608 1490 733 1567 spatium
755 1422 1104 1566 tempusqueuglaqurrffiqdr

284 1584 377 1660 Quod
397 1598 476 1648 tenet
497 1589 527 1646 in
548 1598 661 1650 tantum
682 1588 783 1650 chelae
804 1606 982 1666 consurgere
1002 1601 1131 1668 praestat

284 1687 357 1748 Eius
377 1688 408 1745 in
428 1686 595 1762 exemplum
617 1706 648 1746 se
671 1687 754 1762 signa
774 1689 925 1764 sequentia
946 1691 1044 1748 uersis.
1068 1673 1072 1678 ⁵

206 1887 262 1943 292
289 1867 400 1926 oriendi
439 1865 522 1925 Voss¹
544 1800 707 1926 oueqqreqqqq
731 1866 797 1927 Cur.
821 1868 946 1931 cadendi
976 1869 1062 1929 Vnst
1084 1871 1110 1929 b.
1154 1889 1208 1944 293

163 1976 271 2044 perstet
312 1964 397 2025 Voss.1
428 1975 535 2043 perstat
573 1964 658 2025 Voss.²
687 1967 729 2024 ba
758 1965 824 2024 Cas.
856 1976 985 2042 perstant
1016 1969 1056 2025 eal.
1085 1967 1211 2044 Regiam.

164 2063 301 2140 Scaliger.
346 2083 402 2139 294
417 2064 507 2124 uersis
521 2064 623 2123 codeces
641 2083 730 2122 ornnes
748 2073 866 2123 uersant
884 2065 923 2124 ed.
937 2065 1065 2142 Regiam.
1082 2065 1212 2142 Sealr'ger

164 2173 278 2223 uertunt
292 2163 441 2222 Bentlee'ns.

205 2262 272 2321 Hos
293 2272 350 2321 tres
370 2279 471 2320 uersus
492 2260 623 2338 singulos
643 2261 746 2320 uitium
766 2279 851 2319 suum
872 2261 995 2335 insedit;
1019 2281 1076 2340 292
1097 2265 1213 2334 arcendi,

164 2361 244 2438 quod
263 2360 339 2418 male
359 2359 487 2434 Scaliger
501 2359 531 2416 in
546 2358 590 2417 ed.
609 2378 623 2416 a
640 2359 803 2434 corrigebat
817 2361 847 2417 in
861 2362 969 2432 ruendi,
985 2379 1053 2420 cum
1067 2380 1105 2420 ex
1120 2361 1212 2420 mani·

163 2459 238 2517 festo
247 2477 342 2518 errore
352 2458 456 2516 librarii
466 2467 560 2516 ortum
573 2458 616 2528 sit,
629 2457 797 2516 haesitantis
808 2469 904 2517 utrum
914 2461 1008 2517 arian
1017 2481 1050 2519 ca
1061 2471 1213 2519 exaratum

164 2566 239 2614 esset
260 2556 289 2613 in
310 2556 412 2614 codice
431 2574 519 2636 quem
538 2555 727 2614 describebat.
769 2555 939 2616 Rectissime
958 2558 1107 2617 reuocauit
1125 2557 1212 2616 Bent-

164 2655 236 2714 leius
254 2651 388 2711 cadendi¹
408 2653 489 2731 quod
509 2672 570 2712 non
591 2653 687 2715 solum
708 2673 745 2712 ex
764 2653 880 2714 Gembl.
895 2657 1082 2714 confirmatur
1104 2657 1156 2716 sed
1173 2657 1212 2716 sic

163 2753 303 2829 scriptum
317 2752 392 2810 inest
403 2751 501 2810 Voss.²
515 2763 544 2810 et
558 2764 657 2811 nostro
667 2753 692 2810 b.
736 2772 793 2828 293
810 2761 920 2828 prestat
931 2755 992 2814 siue
1002 2762 1118 2830 perstat,
1134 2755 1214 2834 quod

164 2851 224 2909 iam
246 2860 408 2911 correctum
429 2851 460 2907 in
473 2857 604 2925 perstant
616 2850 703 2909 habet
722 2851 767 2909 ed.
783 2851 917 2928 Regium.
962 2873 1019 2928 294
1040 2857 1140 2926 uersas,
1160 2873 1213 2931 pro

164 2968 225 3029 quo
245 2957 362 3009 uersant
384 2949 487 3008 eadem
508 2949 744 3026 Regiomontana
766 2951 856 3010 editio
878 2952 974 3024 habet,
999 2954 1104 3012 melius
1126 2952 1213 3012 Bent-

164 3049 236 3108 leius
264 3048 388 3107 correxit
416 3049 446 3105 in
470 3056 587 3108 uertunt.
629 3048 666 3106 Id
693 3068 730 3108 ex
759 3050 835 3109 male
863 3051 1009 3110 intellecto
1037 3053 1213 3131 compendio

164 3149 257 3220 nertr't,
271 3155 339 3223 post
353 3149 442 3205 uersis
457 3138 563 3205 laclum
575 3158 629 3206 est.
671 3148 772 3225 ltaque
787 3149 868 3208 locus
883 3151 924 3209 sic
940 3150 1046 3209 euadit.

288 3244 495 3322 Occiduusque
516 3245 600 3305 Aries
621 3248 747 3323 spatium
768 3257 943 3325 tempusque
964 3248 1088 3308 cadendi

287 3341 379 3414 Quod
399 3351 485 3414 tenet,
497 3343 538 3400 -in
558 3355 669 3402 tantum
691 3345 798 3406 Chelae
819 3364 995 3422 consurgere
1015 3357 1152 3424 perstant.

286 3440 358 3499 Eius
378 3442 409 3498 in
430 3441 595 3518 exemplum
616 3461 647 3502 se
668 3444 750 3522 signa
770 3446 922 3522 sequentia
942 3454 1067 3504 uertunt.

205 3572 261 3630 III.
278 3591 416 3648 309-312
433 3573 474 3633 sic
488 3583 586 3632 extant
600 3574 630 3632 in
644 3573 759 3635 Gembl.

287 3671 331 3728 Illi
352 3681 490 3749 perpetua
510 3673 666 3748 iungantur
686 3692 758 3750 pace
778 3674 881 3733 diebus

289 3767 441 3828 Obscurae
462 3780 563 3829 noctes
584 3788 680 3846 aequo
701 3782 758 3832 stat
779 3772 894 3832 saedere
916 3783 1030 3851 tempus

196 3891 204 3920 ¹
222 3893 252 3942 In
259 3894 342 3944 Voss.2
352 3895 456 3944 cadendi
466 3895 501 3944 ita
512 3904 638 3946 exaratum
649 3905 686 3948 est
694 3906 720 3948 ut
730 3899 761 3949 ab
769 3900 869 3949 ornandi
879 3900 969 3964 exiguo
979 3900 1053 3951 distet
1064 3900 1214 3951 discrimine.
