2760 4448
251 294 293 356 42
557 284 705 337 noceas
724 282 975 334 2222222222

251 446 497 509 Gemblacensem
518 453 668 523 prouocat,
683 442 740 503 hoc
754 439 848 520 rnag'is
862 443 1019 520 poeticum,
1035 459 1130 520 neque
1150 460 1169 502 a
1187 441 1304 504 Manilii

180 575 184 581 ·
251 564 360 623 genere
385 544 529 604 scribendi
554 542 721 601 abhorrens.
774 540 812 599 IL
836 556 892 614 252
921 541 1017 618 Tuque
1040 546 1095 614 tuo,
1118 540 1304 618 Caprr'corne,

247 646 315 722 gelu
330 649 497 714 contractus,
514 643 572 717 365
588 659 641 717 qno
654 647 686 711 le,
701 638 881 714 Capre‘corne‚
896 641 1029 716 regentem
1040 639 1085 698 Et
1100 639 1231 700 Gemellos
1244 661 1264 700 a
1279 649 1304 700 le

245 745 338 822 pisces
352 786 359 800 .
375 786 382 801 .
399 785 406 800 .
421 743 589 816 contingens,
613 757 672 812 440
692 737 843 796 Formosas
861 736 990 796 Phoebus
1011 737 1150 811 Gemellos,
1171 738 1302 814 Cyllenie,

254 841 399 901 Cancrum
424 837 547 919 (tueris),
577 840 635 914 563
662 836 743 894 Haec
767 837 866 908 eadem,
894 835 1075 914 Caprz'corne,
1101 839 1158 896 lule
1185 841 1303 897 airzinlm

238 941 393 1020 seruntur,
409 957 447 1014 94
451 957 467 1014 3
485 937 630 995 Haecine
644 936 854 1011 templaserunt
866 934 963 1007 Maza,
982 935 1112 1011 Cyllenie,
1125 944 1198 995 nale.
1243 937 1303 997 Sed

250 1048 350 1097 tamen
365 1036 501 1096 standum
515 1044 558 1094 est
571 1052 639 1094 cum
654 1031 771 1092 Gembl.
813 1031 985 1093 Bentleiano
998 1054 1012 1091 e
1025 1035 1209 1110 praetulerim
1223 1055 1271 1095 ex.

292 1145 328 1203 In
353 1146 411 1218 283
435 1161 528 1202 unum
549 1150 671 1214 constat,
696 1149 864 1216 corruptum
895 1159 959 1200 esse
987 1144 1069 1201 torta
1095 1145 1199 1202 desunt.
1241 1142 1302 1203 Lo·

250 1243 347 1321 quitur
367 1251 455 1319 poeta
476 1240 513 1300 de
534 1238 663 1317 trigonis,
685 1255 810 1314 quorum
832 1239 900 1313 duo,
922 1240 1000 1316 prius
1017 1255 1045 1306 γ
1064 1247 1093 1318 32
1113 1257 1156 1314 ss,
1177 1243 1308 1302 aiterum'

254 1353 271 1401 ὅ
300 1354 336 1418 up
359 1337 389 1414 Ξ,
412 1339 549 1400 describit
575 1339 723 1413 279-281.
766 1335 890 1396 Restant
911 1338 970 1397 duo
990 1339 1075 1398 simili
1096 1341 1208 1400 ratione
1230 1361 1302 1402 con·

251 1441 358 1512 stituta,
376 1439 497 1499 alterum
523 1448 549 1502 Π
570 1454 600 1496 st
619 1455 664 1508 m,
683 1435 805 1493 alterum
830 1449 970 1509 21254.
1012 1438 1161 1499 Bentleius
1179 1441 1301 1518 quidem

250 1549 344 1599 totum
354 1539 454 1598 locum
468 1556 486 1595 a
500 1538 597 1595 desunt
609 1552 702 1611 usque
713 1533 751 1591 ad
761 1536 884 1612 exemplo
894 1544 935 1595 est
945 1537 1151 1613 interpolatum
1162 1541 1301 1599 credidit:

249 1657 303 1715 pro
327 1639 409 1695 torte's
434 1635 649 1712 Scaligeranum
675 1633 760 1690 sortis
785 1634 986 1711 recipiendum
1009 1637 1131 1712 putauit.
1173 1638 1301 1698 lacobus

253 1735 310 1808 ²83
326 1731 366 1790 sic
385 1730 482 1790 scribit

372 1828 427 1886 Per
449 1827 569 1887 totidem
590 1829 674 1887 sortis
695 1828 823 1888 diiuncta
844 1846 879 1886 ac
902 1828 1019 1887 condita
1040 1830 1161 1902 mund0,

252 1928 399 1988 Lucianus
415 1925 537 1984 Mueller
552 1925 592 1985 sic

372 2024 427 2084 Per
449 2022 570 2084 totidem
592 2025 677 2083 sortis
698 2025 804 2084 distant
827 2042 902 2102 quae
923 2024 1040 2085 condita
1061 2025 1182 2086 mund0.

250 2122 325 2183 Mihi
340 2119 384 2203 (1)
401 2141 461 2182 non
475 2132 585 2180 eertum
600 2122 713 2182 uidetur
727 2123 796 2182 illud
810 2125 914 2181 sortes·
933 2142 1004 2182 nam
1018 2125 1094 2184 linea
1108 2124 1154 2184 illa
1168 2126 1301 2203 triangu-

249 2223 317 2282 laris
331 2224 362 2280 e'n
382 2223 440 2279 tria
448 2222 580 2297 parlillm
595 2241 657 2279 eune
672 2228 714 2280 ler
726 2223 811 2279 cadat
821 2228 902 2279 astra
916 2235 981 2296 277,
1000 2233 1028 2281 et
1042 2223 1100 2282 hoc
1118 2224 1149 2281 in
1162 2235 1300 2299 quattuor

249 2322 369 2398 trigonis
391 2321 449 2392 fiat,
472 2338 534 2377 non
555 2319 700 2378 immerito
720 2326 793 2378 torta
815 2318 876 2377 siue
897 2338 949 2396 per
969 2327 1059 2379 tortus
1079 2321 1144 2380 duci
1167 2341 1202 2382 ac
1222 2324 1301 2384 flecti

248 2421 369 2479 dicatur.
413 2414 458 2498 (2)
481 2417 586 2477 Cetera
603 2417 711 2495 duplici
725 2418 816 2478 modo
836 2418 1060 2495 explicationem
1079 2420 1196 2481 habent.
1237 2423 1301 2483 Aut

249 2519 327 2577 enim
343 2516 509 2594 scripserim

371 2656 426 2715 Per
447 2656 569 2717 totidem
590 2625 684 2755 {3353

248 2793 304 2874 (sic
325 2795 383 2854 iam
402 2793 513 2852 dixerat
535 2793 674 2853 Manilius
697 2810 754 2870 215
776 2793 880 2852 Omm'a
900 2795 1034 2854 dz'cuntur
1050 2797 1143 2854 se'mill
1158 2797 1209 2857 sub
1225 2806 1301 2859 sorte

247 2890 373 2973 cienena),
389 2904 438 2951 aut
452 2893 484 2950 de
497 2913 533 2952 ex
548 2894 591 2953 bis
605 2894 665 2952 siue
680 2893 711 2960 bc
723 2901 861 2969 corrupto

726 2659 825 2716 desunt
843 2675 918 2734 quae
939 2659 1058 2718 condita
1079 2660 1191 2721 mundo

370 3033 426 3092 Per
448 3033 569 3092 totidem
590 3001 681 3133 iffi
722 3036 764 3095 bis
785 3045 852 3094 sunt
872 3052 947 3112 quae
967 3034 1085 3095 condita
1106 3035 1218 3097 mundo

247 3187 317 3231 nam
338 3171 390 3228 duo
411 3180 520 3230 restant
541 3171 664 3250 trigona,
682 3171 875 3232 Geminorum
894 3181 923 3231 et
940 3171 1055 3246 Cancri,
1074 3173 1197 3233 totidem
1213 3173 1300 3236 lineis

247 3269 336 3329 ducta
350 3288 403 3347 per
417 3269 539 3344 caelum,
554 3282 627 3347 quot
641 3271 700 3331 duo
714 3272 820 3347 priora,
834 3270 942 3330 Arietis
955 3281 984 3330 et
999 3271 1098 3331 Tauri.

288 3367 451 3446 Sequentes
464 3387 566 3429 uersus
581 3370 623 3430 sic
637 3370 750 3447 relingo

370 3473 428 3533 Sed
449 3475 605 3536 discrimen
625 3477 694 3537 erit:
717 3476 825 3536 dextris
845 3495 892 3535 eeu
912 3495 1009 3549 causa,
1030 3477 1143 3538 sinistra

368 3573 453 3646 Quae
475 3575 620 3634 subeunt:
646 3594 723 3654 quae
744 3576 927 3652 praecedunt,
950 3575 1052 3635 dextra
1072 3594 1136 3636 esse
1157 3575 1297 3642 feruntur.

248 3680 333 3753 Quae
354 3681 534 3757 praecedunt
554 3682 647 3758 signa,
669 3682 771 3742 dextra
790 3693 940 3755 uocantur,
961 3683 1031 3761 quia
1051 3701 1127 3760 quae
1150 3695 1297 3760 secuntur,

247 3778 392 3838 sinistram
420 3791 533 3857 partem
560 3781 700 3840 obtinent.
750 3779 909 3840 Bullialdus
937 3781 1170 3842 ‘Antecedentes
1197 3794 1299 3860 partes

247 3876 373 3955 appellat
401 3879 517 3938 dextras
544 3888 677 3957 respectu
706 3879 889 3957 sequentium
918 3898 968 3940 seu
997 3882 1192 3954 subeuntium,
1221 3901 1297 3961 quas
