2760 4448
160 280 203 359 46
464 290 612 343 moeres
631 290 880 342 manzerem

161 450 238 513 coni.
259 447 339 510 Mem
358 466 419 509 cum
434 459 490 526 per
508 451 575 510 talei·
582 450 740 531 finientur
759 450 875 528 srirgula
896 449 989 524 limes,
1012 467 1054 511 sc.
1068 430 1216 528 'obliquas'

160 550 259 611 lineas.

202 647 253 707 An
282 659 327 710 est
355 649 434 710 lines
463 647 671 720 nominatiuus,
700 664 803 706 uersus
826 655 924 707 autem
953 645 995 707 sic
1023 644 1214 724 refingendus

161 744 242 808 Nem
255 745 612 828 cumsormaturtelisper
625 747 740 822 singule
753 745 831 804 lz'mes
845 744 975 805 Siderei
1112 812 1115 817 ,

205 845 366 924 Postquam
382 846 509 924 primum
527 845 715 921 hexagonum
734 832 885 922 descripsit
899 843 1045 918 Manilius,
1059 842 1155 922 pergit
1176 841 1216 902 ad

164 943 295 1018 alterum,
309 963 357 1004 uu.
373 947 523 1021 368-37ο,
537 961 612 1022 quos
626 943 667 1001 sic
681 941 777 1002 scribo

194 1077 197 1082 ·
288 1043 415 1103 Alterius
435 1042 538 1102 ductus
559 1041 641 1101 locus
662 1041 686 1100 it
704 1058 756 1118 per
777 1040 896 1100 transita
918 1040 1010 1118 signa,

288 1140 387 1220 thue
407 1159 443 1200 ea
463 1151 628 1219 praetereas
648 1157 724 1216 quae
745 1149 813 1198 sunt
833 1139 903 1198 mihi
925 1138 1039 1216 singula
1059 1138 1147 1211 dicta,

288 1239 425 1300 Flexibus
445 1260 484 1300 ex
504 1239 624 1300 totidem
646 1237 745 1298 similis
755 1238 808 1312 fit
828 1237 952 1298 circulus
973 1239 1024 1297 illi.

210 1341 269 1414 368
290 1338 417 1398 Alterius
437 1339 453 1399 b
473 1357 489 1397 o
509 1337 638 1415 Regiam.
658 1356 720 1395 eum
740 1337 780 1395 ed.
794 1336 876 1395 Rom.
896 1351 974 1410 1510
994 1342 1021 1396 et
1038 1338 1077 1396 ed.
1096 1334 1224 1395 Molz'nii

166 1436 294 1498 Alternis
312 1436 416 1496 Gembl.
433 1435 501 1496 Cur.
515 1442 542 1495 et
550 1436 679 1514 plerique
694 1445 723 1494 et
735 1436 811 1493 codd.
825 1435 847 1493 it
860 1454 908 1512 ego
924 1444 968 1494 est
982 1434 1121 1512 Scaliger.
1158 1437 1220 1510 369

166 1543 230 1595 anie
241 1539 299 1612 368
310 1535 391 1595 habet
405 1533 511 1595 Gemdl.
535 1544 712 1612 praeteream
726 1551 749 1591 o.
789 1545 849 1609 37ο
863 1543 892 1592 et
900 1535 977 1592 codd.
992 1552 1028 1593 ex
1037 1553 1085 1610 ego
1115 1533 1222 1593 similis

167 1634 189 1693 it
204 1633 309 1693 Gembl.
321 1633 421 1692 similis
432 1633 469 1692 sit
484 1631 570 1693 Voss.1
585 1650 607 1691 s.
617 1632 658 1691 sic
675 1629 760 1692 Voss.²
777 1630 878 1692 similis
893 1631 924 1690 fit
938 1652 953 1690 o
966 1633 1041 1691 cred.
1052 1630 1137 1691 Rom.
1162 1630 1223 1690 illis

168 1733 244 1792 codd.
265 1731 304 1790 illi
318 1730 426 1805 Fayus.

212 1830 355 1890 Secuntur
368 1829 449 1903 haec,
469 1841 617 1906 371-373,
632 1846 708 1907 quae
722 1829 764 1889 sic
777 1839 876 1888 extant
890 1829 920 1887 in
936 1828 1052 1889 Gembl.

293 1927 490 1988 Transuersos
510 1927 596 2004 igitur
615 1927 730 2004 fugiunt
750 1927 903 1987 subeuntia
923 1927 1001 1987 uisus

294 2026 385 2099 Quod
404 2026 490 2085 nimis
511 2024 630 2085 inclinat
650 2044 725 2084 anne
746 2025 880 2102 limisque
900 2025 1036 2085 uidentur

294 2123 458 2202 Vicinoque
479 2123 569 2183 latent
589 2142 626 2183 ex
648 2134 728 2184 recto
749 2125 855 2184 certior
875 2125 957 2183 ictus.

215 2236 271 2300 371
276 2224 355 2301 sort.
367 2223 513 2282 obeuntia.
548 2235 606 2298 372
620 2222 737 2283 inclinat
748 2223 824 2280 codd.
827 2223 955 2300 plerique
968 2221 1109 2283 inclinant
1119 2241 1134 2282 0
1145 2229 1172 2281 ei
1182 2223 1225 2282 ed.

383 2335 413 2370 ΕΘ
423 2335 455 2370 ΠΕ

173 2386 258 2448 Rem.
279 2402 356 2461 1510
380 2406 457 2446 anne
481 2386 638 2464 Lipsiensis
665 2404 700 2446 ac
728 2404 766 2445 ne
792 2385 860 2446 Cus.
891 2386 1022 2446 Vosszizni
1045 2405 1061 2445 o
1085 2385 1227 2447 inclinant

174 2487 267 2546 aciem
282 2483 374 2545 Bentl.
393 2485 531 2545 inclinata
550 2485 612 2544 acie
626 2482 774 2543 Breiterus
793 2483 913 2544 inclinat
933 2504 1007 2545 acne
1021 2484 1149 2559 Iacobus,
1164 2485 1226 2547 iae.

173 2586 278 2643 ‘nzinz's
292 2585 457 2657 rizclz'natur,
472 2602 519 2642 seu
532 2603 560 2642 se
573 2583 708 2643 declinat!
753 2602 811 2659 393
829 2582 990 2661 Vicinaque
1012 2581 1099 2644 Voss.¹

215 2681 359 2741 subeuntia
378 2682 402 2741 si
420 2699 522 2741 uerum
536 2692 588 2754 est,
604 2681 776 2758 significabit
790 2682 875 2760 signa
888 2699 962 2760 quae
976 2701 1006 2742 se
1021 2683 1147 2743 inuicem
1165 2700 1229 2744 uno

176 2780 347 2858 interposito
371 2789 515 2852 secuntur,
540 2789 737 2840 transversum
759 2781 855 2840 uisum
879 2781 953 2840 inter
975 2800 1005 2840 se
1027 2800 1088 2841 non
1108 2781 1229 2841 habere.

178 2878 237 2938 Sed
265 2878 358 2955 potuit
385 2878 508 2939 scribere
536 2879 670 2951 obeuntia,
695 2897 765 2938 narn
793 2879 877 2954 signa
905 2880 1060 2957 hexagona
1088 2880 1150 2940 siue
1174 2898 1230 2957 per

176 2975 365 3054 hexagonum
394 2977 491 3036 iuncta
518 2977 616 3037 obeunt
641 2977 781 3037 circulum
809 2976 934 3040 Zodiaci.
983 2978 1019 3036 In
1047 2992 1106 3055 372
1135 2996 1230 3038 unum

177 3094 233 3154 pro
253 3075 403 3152 explorato
425 3076 520 3135 habeo
543 3096 579 3134 ac
600 3095 634 3134 ne
657 3076 704 3134 uel
728 3096 801 3134 enne
821 3095 881 3136 non
904 3095 969 3136 esse
989 3096 1025 3137 ex
1046 3078 1105 3136 ατί(
1125 3076 1230 3155 depra-

178 3185 277 3234 uatum
288 3193 296 3246 ;
323 3167 393 3233 nam
414 3193 469 3234 nec
491 3193 592 3234 sensus
614 3176 756 3252 congruit,
778 3194 845 3235 curn
866 3178 1006 3235 recimere
1025 3176 1071 3235 uel
1092 3177 1236 3235 rizelzirari

178 3275 252 3333 ecies
269 3272 305 3331 de
325 3273 452 3333 exercitu
472 3274 502 3332 in
523 3273 622 3351 sugam
641 3292 727 3334 uerso
747 3273 867 3346 dicatur,
882 3293 942 3335 non
957 3275 993 3334 de
1010 3275 1075 3333 uisu
1089 3274 1231 3353 obliqu03

179 3380 290 3432 ettam
312 3371 448 3448 frequens
469 3373 646 3431 uocabulum
667 3373 716 3430 uix
738 3373 769 3431 in
789 3392 823 3431 ec
842 3391 882 3444 ne,
901 3392 973 3431 enne
992 3372 1137 3432 latiturum
1161 3384 1232 3433 erat

181 3469 253 3530 Non
274 3479 382 3529 temere
400 3470 514 3529 uidetur
533 3471 659 3531 Iacobus
677 3490 745 3529 acne
762 3471 920 3548 scripsisse,
938 3489 1109 3551 quanquam
1130 3490 1168 3532 ex
1189 3473 1233 3533 eis

181 3586 257 3646 quae
272 3567 417 3627 Breiterus
432 3568 565 3627 disseruit
580 3568 657 3627 Nou.
672 3569 749 3628 Ann.
762 3568 901 3628 Philota.
917 3573 1003 3645 1889,
1018 3589 1067 3648 pp.
1083 3590 1233 3646 199-201,

181 3668 301 3727 eirclt'ndt
318 3687 385 3725 acne
405 3667 554 3744 productis
575 3674 608 3725 at
626 3666 726 3726 litteris
747 3667 796 3726 uix
819 3667 958 3727 Manilius
980 3669 1140 3747 scripturus
1163 3679 1235 3729 erat.

183 3766 286 3842 Itaque
301 3767 439 3825 inclinant
450 3785 535 3824 aenae
545 3766 642 3842 potius
656 3766 843 3842 reposuerim.
882 3766 939 3826 Sed
950 3785 1008 3843 qua
1020 3767 1235 3845 significatione

182 3863 214 3926 id
228 3864 403 3925 uocabulum
418 3864 459 3923 sic
474 3862 598 3924 intulerit
613 3874 708 3940 poeta,
723 3865 752 3922 in
766 3864 858 3922 dubio
871 3874 922 3924 est.
947 3865 1058 3924 Iacobo
1072 3877 1115 3925 est
1127 3867 1234 3942 ‘uirga
