2760 4448
670 245 706 296 JJ
724 235 727 239 ’
1170 245 1216 319 35·

157 425 273 501 gemina
287 422 325 483 ad
338 423 425 502 dupla
439 421 523 484 facile
543 422 656 483 scribae
675 422 927 483 accommodaturi
944 421 1058 482 luerint.
1099 419 1214 481 Rursus

161 521 321 600 legendum
340 532 384 581 est
402 540 439 582 ex
455 521 664 582 Gemblacensi
680 520 711 580 in
736 525 792 598 176
810 523 886 580 reat
905 523 1018 598 duplex,
1033 539 1095 580 non
1108 520 1216 597 duplex

162 623 239 680 ratri>
247 620 480 692 Vossianorum3
495 637 565 680 nam
576 619 657 697 quod
670 618 759 697 quue
770 621 876 696 duplex
886 622 962 679 rate'o
972 621 1045 697 cogit
1053 638 1149 677 uerum
1160 636 1216 676 esse

150 719 256 797 soteri
269 728 313 778 est
333 718 364 777 in
384 721 453 792 526,
467 717 525 778 hoc
542 726 636 778 metro
654 727 778 795 cogente
798 718 839 778 fit.
882 717 941 778 Sed
960 728 989 777 et
1006 716 1151 777 sententia
1173 715 1215 774 sic

163 818 268 877 melius
290 817 410 877 effertur
417 835 426 890 3
448 834 518 876 nam
542 834 610 878 cum
632 814 744 876 Iacobo
765 817 1031 894 interpungendum
1052 813 1215 893 Necsecie,

163 916 239 975 rotie
259 916 373 995 duplex,
398 934 465 976 nam
487 915 588 976 desinit
606 919 706 989 aestas,
728 913 837 991 Incipit
855 921 1016 985 autumnus,
1038 913 1066 971 h.
1081 932 1106 975 e.
1121 911 1216 988 Virgo

164 1012 240 1072 inter
253 1013 389 1090 geminae
402 1012 512 1090 figurae
526 1012 620 1071 sidera
634 1024 810 1085 numeratur,
820 1031 916 1091 neque
925 1013 956 1073 id
967 1022 1066 1073 tamen
1075 1030 1112 1070 ex
1127 1010 1215 1082 facie3

164 1129 253 1172 causa
274 1109 391 1189 duplex,
412 1110 494 1187 quod
515 1119 543 1171 et
564 1112 683 1171 aestatis
703 1111 770 1171 finis
790 1121 819 1170 et
840 1112 972 1171 autumni
992 1110 1106 1170 initium
1124 1107 1217 1168 estin

165 1209 297 1287 Virgine.
338 1209 375 1269 In
392 1227 452 1286 quo
465 1227 576 1269 errasse
594 1207 664 1271 mihi
678 1208 826 1269 Bentleius
845 1210 968 1284 uidetur,
984 1208 1067 1291 quasi
1080 1226 1148 1270 cum
1162 1205 1217 1266 du-

165 1308 274 1387 plicem
295 1307 420 1368 formam
442 1317 530 1384 poeta
550 1307 664 1385 Virgini
687 1308 816 1369 tribuerit
841 1310 910 1379 662,
933 1326 995 1366 non
1019 1305 1146 1384 potuerit
1169 1304 1217 1364 hic

165 1407 265 1467 dicere
277 1405 431 1487 Necsace'e.
463 1405 532 1469 Hoc
546 1415 591 1465 est
599 1406 696 1464 uerbis
710 1406 796 1464 nimis
807 1406 955 1468 insistere:
978 1424 1046 1467 cum
1057 1404 1127 1468 nihil
1139 1401 1217 1462 aliud

166 1504 215 1566 hic
234 1503 373 1564 Manilius
394 1503 519 1564 uoluerit
540 1503 595 1562 nisi
614 1503 767 1581 Virginem
786 1504 862 1564 inter
881 1505 952 1564 bina
972 1514 1050 1568 astra
1070 1500 1218 1562 numerari

166 1620 230 1663 non
254 1612 315 1662 tam
338 1621 375 1662 ex
399 1601 474 1661 facie
494 1620 584 1683 quarn
609 1621 646 1661 ex
673 1602 779 1680 duplici
803 1612 935 1681 tempore
959 1602 1006 1666 cui
1030 1609 1145 1684 praeest
1168 1617 1217 1658 ae·

167 1700 250 1763 statis
269 1710 298 1760 et
318 1700 459 1762 autumni.
514 1699 649 1783 Denique
670 1719 707 1761 ne
727 1707 873 1778 utrumque
893 1700 1012 1777 quidem
1033 1696 1218 1763 abiciendum

167 1809 258 1880 puto:
279 1798 363 1858 simili
374 1807 517 1858 structura
530 1798 602 1858 dixit
612 1794 700 1876 poeta
713 1799 851 1859 Dirarum
865 1802 903 1877 96
919 1799 987 1863 Siue
1000 1800 1065 1871 eret,
1076 1804 1102 1862 el
1113 1799 1143 1856 si
1152 1815 1216 1870 non,

168 1916 271 1958 mecum
286 1899 422 1969 mertini,
436 1904 592 1974 utrumque,
600 1898 648 1957 uel
661 1907 693 1957 ut
706 1897 830 1959 fortasse
844 1898 1034 1976 corrigendus
1047 1906 1092 1956 est
1105 1912 1218 1968 uersus,

168 1994 239 2056 Siue
251 1996 315 2068 eris,
328 2002 355 2055 et
365 1996 397 2054 si
406 2015 535 2059 nongmea
549 1997 737 2069 conmorierzi,
751 2003 905 2073 uirumque.

211 2093 316 2154 Restat
337 2106 392 2168 172
408 2103 484 2169 pars
504 2095 570 2155 huic
590 2096 657 2167 orei,
679 2097 728 2155 sed
746 2097 824 2154 nulla
838 2097 960 2172 prioris.
1002 2095 1039 2159 In
1059 2095 1105 2157 his
1119 2093 1223 2170 priori

168 2210 274 2252 uerum
291 2191 413 2263 uidetur,
427 2209 468 2251 sc.
485 2191 683 2268 Capricorno:
704 2195 763 2255 eris
776 2212 816 2254 sc„
831 2193 952 2253 humani
971 2193 1087 2253 delendi
1103 2198 1219 2269 poterat

169 2309 207 2350 ex
227 2294 293 2366 189,
311 2308 368 2366 190
383 2288 490 2352 Mitte
502 2297 653 2351 autumus
671 2293 761 2351 mollis
776 2293 835 2354 sibi
851 2294 980 2354 utiedical
991 2299 1080 2363 aries,
1094 2289 1219 2350 Materi-

169 2408 269 2465 emque
286 2388 433 2469 tressera
446 2396 523 2466 terge
537 2392 658 2453 membra
672 2392 804 2470 regentem
820 2391 986 2468 Excipient
996 2393 1116 2455 hiemem,
1161 2386 1220 2447 Sed

170 2486 271 2547 durior
284 2495 330 2546 est
341 2486 489 2562 παρὴχησις
502 2490 711 2567 orti—priori·
732 2501 762 2551 et
774 2492 896 2552 homiui
910 2492 968 2554 iam
982 2491 1012 2550 in
1027 2490 1072 2553 ed.
1082 2489 1219 2548 Romana

169 2585 241 2646 anni
257 2599 335 2660 1510
349 2585 456 2646 inueni

211 2683 253 2744 ΙΙ.
272 2686 327 2743 182
344 2683 385 2744 sic
399 2683 518 2747 tradunt
532 2685 649 2747 codices

294 2780 333 2840 Et
353 2783 480 2859 geminis
500 2783 571 2846 alter
591 2785 726 2846 florentia
746 2796 879 2866 tempora
899 2788 976 2850 uires

296 2879 415 2941 Sufficit.

213 2978 342 3056 Repono
355 2977 412 3040 Ex
421 2981 550 3057 gemetu,
567 3000 629 3042 non
643 2981 678 3042 E
684 2984 827 3061 gemat:
849 2985 925 3046 uires
945 2984 976 3045 in
990 2985 1066 3046 uerti
1080 2984 1139 3043 iam
1158 2999 1221 3043 cor·

170 3087 286 3138 rectum
299 3076 330 3134 in
343 3077 367 3137 b.

212 3174 253 3236 11.
272 3177 412 3247 184-186
427 3174 468 3237 sic
482 3178 600 3238 tradunt
614 3180 732 3241 codices

295 3271 402 3334 Nudus
423 3283 544 3358 uterque
564 3287 673 3350 tamen,
695 3280 782 3343 sentit
802 3281 871 3363 quia
890 3260 1014 3361 uterque
1034 3283 1171 3355 calorem,

296 3370 349 3432 Ille
370 3376 549 3435 senescentis
570 3377 654 3450 ueris,
675 3379 826 3439 subeuntis
840 3391 869 3442 et
885 3381 932 3441 ille

296 3469 447 3531 Aestatis:
469 3492 537 3550 pars
558 3485 602 3534 est
622 3477 734 3552 primae
755 3496 819 3538 sors
840 3479 940 3539 ultima
960 3480 1042 3557 parti.

212 3585 268 3646 par
283 3578 328 3629 est
342 3587 357 3627 o
371 3571 448 3632 eled.
465 3569 654 3651 Neapoleiona
668 3577 738 3635 sorti
752 3576 903 3638 Bentleeies.

214 3665 288 3728 Non
307 3666 394 3729 uideo
415 3688 467 3729 cur
480 3673 569 3748 parti
588 3672 716 3750 deneges
738 3675 867 3747 Manilio,
888 3679 963 3735 sorti
980 3676 1076 3755 potius
1096 3676 1223 3737 scribas:

172 3764 245 3824 nihil
262 3765 384 3827 interest
401 3778 497 3828 utrum
514 3770 606 3848 eligas
615 3791 624 3844 ;
644 3774 797 3834 uocabula
811 3775 941 3847 uariauit,
959 3794 1019 3836 non
1040 3793 1109 3834 rem.
1153 3774 1225 3834 Sors

172 3864 275 3923 ultrina
297 3867 477 3928 senescentis
495 3869 572 3929 ueris
589 3888 643 3947 par
661 3881 704 3930 est
710 3874 825 3949 preinde
830 3875 917 3951 parti
932 3874 1082 3934 subeuntis
1101 3875 1216 3935 aestatis

674 3989 693 4029 0
710 3990 725 4028 2
