2760 4448
633 290 682 340 rr
1113 288 1173 359 153

132 480 136 489 ·
170 449 355 510 Gronouium
372 450 421 508 diu
436 451 466 509 in
480 451 523 509 die
537 459 698 510 mutantem
711 449 761 508 uix
775 448 882 527 poterit
898 447 980 526 sequi
994 447 1044 525 qui
1058 447 1116 518 daie,
1131 447 1176 504 die

128 566 191 608 non
215 549 304 608 semel
324 550 399 608 inter
417 568 448 608 se
469 558 610 626 tanquam
629 549 774 608 contraria
794 547 906 625 opponi
925 547 1061 624 reputarit
1082 545 1176 604 Plaut.

128 646 207 706 Pers.
222 649 250 706 ii.
264 667 292 723 3.
310 665 344 706 12
367 647 432 706 Diu
452 649 526 723 quod
538 649 602 707 bene
619 651 679 719 erit,
694 648 738 705 de'e
758 667 812 705 uno
831 647 997 713 absoluam;
1019 663 1114 721 neque
1136 644 1176 702 ita

128 744 211 804 facile
225 764 278 822 per
291 746 533 824 palaeographiae
549 747 627 823 leges
642 747 684 803 de'e
698 747 728 803 in
743 747 791 803 deu
805 746 950 804 inmutari.
988 743 1052 802 De'u
1067 744 1113 802 hic
1129 742 1176 801 in·

128 842 255 902 solenter
265 845 392 920 positum
403 845 525 916 uidetur,
536 856 568 902 ut
580 844 722 919 significet
732 843 761 901 in
772 844 862 919 longo
873 843 974 901 ordine
986 841 1176 901 saeculorum.

130 939 177 999 Sic
199 950 228 1000 et
251 960 269 1000 a
294 941 474 1003 Maximiano
497 953 668 1019 usurpatum
689 951 733 1001 est
751 941 774 1000 I.
799 957 853 1016 271
878 940 988 998 Fracta
1010 941 1060 998 diu
1082 938 1180 997 rabidi

127 1041 296 1115 conpesqu
309 1043 357 1098 e‘ra
371 1043 462 1113 leones,
478 1041 619 1116 Lentaque
629 1051 685 1117 per
700 1042 804 1098 senium
822 1040 929 1115 Caspia
948 1040 1034 1115 tegeris
1048 1039 1109 1110 erit,
1124 1037 1176 1096 ubi

128 1139 171 1195 die
199 1137 394 1198 Ommerenus
422 1149 450 1198 et
482 1148 549 1216 post
576 1156 644 1197 eum
676 1137 868 1197 Baehrensius
896 1149 925 1197 et
956 1137 1175 1214 Petschenigius

127 1236 309 1296 maluerunt:
331 1237 382 1296 sed
396 1239 445 1295 diu
455 1246 581 1315 praestat
589 1246 618 1295 et
629 1236 785 1295 Etonensis
799 1236 893 1296 codex
905 1236 1033 1312 optimus
1047 1246 1076 1295 et
1089 1236 1176 1295 ceteri

128 1335 255 1394 codices.

170 1431 275 1492 Melius
295 1451 343 1492 me
364 1434 456 1493 iudice
476 1434 602 1494 Huetius
623 1434 717 1493 uersui
741 1436 799 1504 824
821 1433 965 1492 consuluit
985 1433 1094 1509 scripto
1114 1430 1177 1490 Nec

128 1548 183 1607 pro
196 1530 241 1589 Et
258 1549 347 1608 quam
369 1531 517 1597 Bentleius
536 1534 692 1591 subsistant
709 1533 738 1589 in
755 1532 893 1589 absestuut
912 1531 1062 1589 mutando.
1104 1530 1175 1589 Non

128 1647 193 1688 raro
208 1629 254 1688 hic
269 1648 348 1689 error
358 1630 475 1690 codices
489 1631 595 1691 inuasit
608 1643 640 1689 ut
653 1631 788 1706 negatiua
802 1629 942 1707 particula
956 1630 1069 1689 cederet
1082 1629 1113 1688 in
1124 1629 1175 1688 ad·

129 1728 311 1787 firmatiuam.
352 1727 381 1786 N
383 1747 431 1787 am
445 1729 598 1788 subsrstunt
612 1729 730 1806 quidem
745 1729 809 1806 quis
826 1747 887 1787 non
902 1728 980 1787 uidet
994 1730 1103 1804 optime
1118 1728 1176 1787 dici

128 1825 165 1884 de
180 1826 256 1884 aruis
265 1845 339 1903 quae
353 1826 475 1904 imparia
489 1837 556 1886 sunt
570 1828 689 1887 ferendo
704 1827 864 1904 quotannis
879 1826 970 1885 fetui?
1002 1827 1174 1886 Rectissime

129 1923 283 1983 Stoeberus
297 1924 335 1983 ad
351 1928 418 2001 819,
436 1928 494 1983 820
509 1927 678 2002 prouocauit
692 1933 777 1984 certas
789 1927 857 2002 que'a
872 1926 1010 1983 delassata
1018 1936 1073 2001 per
1087 1945 1176 1983 annas

127 2020 337 2098 Nonnunquam
358 2031 467 2081 cessant
485 2026 579 2082 sterili
595 2027 730 2100 torpentia
753 2030 834 2081 melu.
878 2022 966 2083 Ouid.
989 2022 1073 2082 Pont.
1090 2024 1126 2081 iii.
1147 2043 1175 2096 4.

129 2123 167 2195 83
182 2120 242 2178 Res
255 2141 358 2197 quoque
377 2124 534 2200 tanlafne't,
549 2131 670 2199 quantae
683 2123 827 2181 substitere
846 2141 951 2179 summo
966 2121 1101 2180 Aeneidos
1115 2124 1180 2180 uati

124 2220 235 2294 grande
236 2220 348 2297 suessa!
365 2240 441 2279 anus.
484 2222 588 2280 Auian.
604 2221 676 2279 Fab.
691 2222 746 2279 xvi.
766 2241 801 2296 19
813 2218 894 2278 Haec
908 2240 958 2279 nas
972 2222 1047 2278 dueta
1068 2227 1177 2279 manent

128 2319 241 2392 magnes
264 2318 409 2377 subsistere
419 2321 532 2398 stum,-
564 2338 633 2378 nam
656 2320 801 2377 subsistere
814 2328 858 2378 est
877 2319 908 2377 in
930 2318 995 2378 cod.
1014 2317 1176 2378 Bodleiano

128 2433 216 2493 quem
233 2414 259 2473 0
273 2417 382 2489 notaui,
398 2417 524 2476 obsistere
543 2418 573 2476 in
587 2419 698 2477 ceteris.

168 2512 221 2573 IV.
239 2516 298 2589 830

249 2611 288 2671 Et
308 2614 401 2673 uomit
423 2613 559 2674 Oceanus
579 2625 704 2692 pontum
725 2614 883 2691 sitiensque
905 2613 1030 2685 resoluit,

126 2710 249 2770 sortasse
270 2713 389 2770 resorbet
408 2713 602 2786 scribendum,
624 2732 685 2772 non
706 2714 830 2771 resorbet.
875 2712 964 2771 Prisc.
985 2713 1002 2769 i.
1026 2731 1081 2788 49¹
1107 2711 1174 2771 Keil

127 2808 229 2868 Sarbea
246 2811 383 2868 ueletiam
397 2812 484 2884 sorbo,
500 2819 533 2870 ul
544 2812 640 2870 Proba
652 2814 753 2887 placet,
768 2814 865 2886 serpsi
877 2813 923 2868 uel
938 2812 1041 2869 sarbui.
1084 2810 1175 2883 Quod

127 2909 156 2965 in
171 2907 311 2967 German.
327 2909 406 2967 Atat.
421 2909 527 2986 Progn.
542 2911 580 2969 iii.
600 2930 635 2982 14
651 2911 769 2969 codices
784 2909 959 2967 Basileensis
978 2920 1007 2968 et
1028 2909 1174 2968 Parisinus

125 3003 267 3082 Breysigii
288 3007 358 3066 dant
383 3007 490 3085 Incipit
510 3011 644 3085 agricolas
669 3010 699 3066 e'n
727 3010 838 3082 uergene
862 3008 969 3065 sorbere
995 3015 1059 3066 uela
1087 3008 1116 3066 id
1144 3009 1174 3065 in

125 3103 294 3164 Strozziano
309 3105 412 3165 melius
434 3108 473 3165 sic
495 3107 633 3184 seriptum
652 3117 696 3165 est
712 3108 822 3164 saluere.
863 3105 1034 3164 Absarbe'lur
1050 3107 1174 3166 Serenus

126 3202 331 3263 Sammonicus
347 3206 406 3276 460
420 3206 450 3263 in
465 3204 633 3265 Baehrensii
649 3205 680 3265 P.
698 3202 731 3263 L.
747 3203 790 3265 M.
804 3204 841 3262 iii.
856 3222 884 3281 p.
902 3207 969 3263 228.

166 3301 221 3360 IV.
237 3304 305 3375 848,
321 3305 379 3378 849
393 3304 433 3363 sic
447 3314 548 3363 extant
562 3305 592 3361 in
607 3303 723 3363 Gembl.

248 3390 321 3477 Ipsa
336 3401 422 3461 docet
443 3403 541 3461 titulos
562 3421 666 3462 causae
688 3421 763 3480 quae
783 3401 920 3478 ecliptica
942 3402 1025 3478 signa

247 3498 355 3558 Dixere
376 3501 495 3578 antiqui,
517 3501 622 3577 pariter
644 3501 695 3560 sed
716 3501 786 3560 bina
806 3500 947 3558 laborant.

166 3600 225 3668 848
248 3597 316 3674 Ipsa
335 3597 402 3658 Cas.
416 3599 497 3675 Lr'ps.
527 3598 609 3658 Vass.¹
652 3600 720 3677 Ipse
743 3600 828 3657 Voss.‘²
870 3597 968 3655 titulos
988 3597 1063 3654 codd.
1082 3617 1173 3655 orreues

122 3714 199 3772 quae
215 3715 266 3753 am.
289 3696 372 3754 Voss.²
386 3705 413 3755 et
431 3697 513 3774 Lapa.
524 3710 571 3774 pr.
587 3718 623 3755 m.
665 3699 734 3775 Ipsa
757 3695 854 3777 (docet
877 3695 975 3754 titulus
997 3696 1171 3773 causaeque)

123 3793 176 3854 ecl.
193 3794 277 3871 signa
290 3796 329 3852 ed.
344 3792 467 3854 Molene'e'
483 3813 568 3870 1551.
605 3797 673 3873 Ipse
688 3797 772 3872 docet
785 3795 883 3854 titulus
898 3811 1018 3854 causas:
1040 3793 1172 3869 ecliptica

123 3893 207 3970 signa
221 3892 363 3952 benlln‘ees
394 3897 452 3970 849
469 3897 522 3954 sub
531 3906 587 3971 pra
601 3895 652 3956 sed
667 3915 690 3953 0.
