2760 4448
488 1273 893 1356 PRAEFATIO.

207 1521 366 1588 Posrouuu
390 1519 496 1578 Paulus
516 1520 702 1591 Thomasius‚
724 1519 876 1578 Professor
896 1519 1108 1592 Gandauensis,
1131 1523 1215 1583 editis

166 1637 246 1677 anno
264 1623 339 1677 1888
355 1619 609 1676 Lucubralz'onz'bur
623 1619 690 1690 suis,
705 1637 782 1677 noua
801 1618 989 1676 fundamenta
1005 1619 1112 1678 criseos
1126 1639 1216 1696 posu·

166 1727 226 1775 erat
254 1717 432 1775 Manilianae
455 1715 536 1794 (nam
564 1719 594 1774 in
623 1736 659 1776 eo
686 1717 784 1775 libello
809 1715 1052 1776 Gemblacensem
1081 1719 1215 1777 codicem

166 1817 298 1874 omnium
316 1816 549 1892 antiquissimum
568 1816 678 1891 primus
697 1817 842 1891 integrum
861 1816 990 1874 exhibuit
1004 1834 1074 1874 cum
1089 1816 1215 1875 editione

165 1914 267 1971 Iacobi
288 1914 499 1973 accuratissime
521 1912 691 1992 conlatum),
708 1932 825 1972 carmen
840 1914 921 1990 quod
942 1915 1032 1971 rarius
1054 1925 1138 1972 antea
1160 1934 1215 1974 nec

165 2014 220 2070 nisi
239 2031 291 2088 per
310 2013 458 2070 interualla
478 2014 639 2088 attigeram,
655 2013 785 2071 studioso
806 2013 904 2071 animo
923 2032 957 2071 ac
977 2022 1110 2084 uenante,
1125 2021 1157 2070 ut
1176 2014 1215 2071 ait

165 2111 304 2182 Catullus,
326 2112 443 2186 perlegi.
490 2111 529 2168 Et
551 2129 653 2168 uerum
677 2121 708 2168 ut
734 2111 830 2182 fatear,
855 2130 873 2169 a
896 2111 975 2169 nullo
1000 2110 1213 2183 Romanorum,

164 2229 288 2286 quorum
310 2220 464 2285 supersunt
485 2219 630 2285 poemata,
645 2210 710 2285 plus
731 2209 819 2268 credo
841 2209 912 2266 mihi
932 2209 1110 2268 redundasse
1131 2227 1213 2268 com·

164 2309 270 2384 pendi,
287 2309 385 2365 sinon
405 2308 442 2365 ad
462 2309 565 2384 poesin
586 2318 613 2366 et
632 2308 704 2366 haec
722 2307 890 2365 sublimiora
910 2308 1026 2383 ingenii,
1042 2317 1069 2366 at
1085 2318 1161 2366 certe
1176 2309 1214 2366 ad

164 2425 230 2464 eam
251 2425 312 2463 rem
334 2407 363 2462 in
379 2424 437 2482 qua
455 2406 541 2464 hodie
560 2407 686 2464 maxime
705 2406 846 2482 philologi
863 2424 1021 2476 uersamur,
1037 2406 1123 2465 crisin
1146 2406 1213 2465 dico

164 2524 239 2580 quae
257 2524 293 2563 ex
311 2507 534 2582 palaeographia
554 2517 581 2565 et
600 2506 735 2565 codicum
754 2507 939 2581 inquisitione
958 2507 1092 2581 pendeat.
1134 2506 1213 2565 Nam

164 2604 384 2662 Gemblacensis
404 2606 507 2676 coderr,
521 2616 552 2662 ut
569 2624 646 2663 nunc
663 2624 700 2662 ex
715 2605 867 2663 Thomasii
886 2606 1006 2663 demum
1024 2605 1121 2667 libello
1141 2624 1212 2682 cog·

163 2705 309 2774 nouimus,
331 2705 500 2762 ueterrimus
527 2704 575 2761 ille
597 2703 723 2779 quidem,
746 2712 846 2779 utpote
873 2721 949 2762 saec.
975 2704 1005 2760 xi
1033 2704 1161 2779 scriptus,
1184 2712 1213 2762 et

164 2803 363 2878 integerrimus
385 2812 428 2860 est
448 2803 596 2872 omnium3
628 2803 668 2860 ita
689 2813 795 2873 tamen,
817 2811 849 2860 ut
869 2803 893 2860 si
914 2802 988 2860 absit
1005 2802 1167 2861 Vossianus
1187 2803 1212 2860 is

164 2901 310 2959 secundus
332 2900 442 2971 Iacobi,
458 2903 505 2958 cui
526 2901 621 2959 scriba
642 2918 711 2958 suus
732 2919 841 2958 annum
865 2915 942 2974 1470
962 2901 992 2958 in
1014 2901 1070 2958 fine
1092 2901 1211 2973 addidit,

162 3018 231 3057 uera
245 3018 350 3057 manus
364 3010 468 3075 poetae
482 2999 578 3058 relicta
593 3000 673 3057 sitin
688 3000 808 3069 incerto,
823 3000 911 3076 idque
926 2999 1109 3074 plurifariam.

204 3098 284 3156 Hinc
299 3109 394 3156 ortum
415 3111 458 3155 est
475 3098 532 3156 hoc
550 3116 649 3155 meum
667 3098 851 3173 opusculum,
866 3117 956 3174 quom
971 3099 1085 3156 uiderer
1098 3099 1210 3157 occasi-

162 3215 250 3253 onem
273 3207 397 3254 nanctus
419 3197 575 3254 clarissima
595 3196 626 3253 in
647 3196 711 3255 luce
732 3196 762 3253 id
784 3197 967 3271 proponendi
981 3196 1061 3272 quod
1080 3197 1165 3255 toties
1181 3197 1211 3255 in

163 3294 372 3353 dubitationem
390 3295 489 3353 uocari
509 3295 611 3364 senti0,
627 3295 779 3370 possintne
798 3314 835 3353 ex
852 3313 913 3353 uno
933 3295 1035 3354 codice
1049 3296 1209 3365 ueterrimo,

162 3392 209 3448 uel
225 3393 325 3450 saltem
340 3413 375 3451 ex
392 3393 516 3462 duobus,
531 3393 630 3450 omnia
648 3393 688 3451 sic
706 3393 736 3450 in
757 3393 902 3468 scriptoris
920 3403 1001 3451 textu
1015 3394 1150 3452 constitui
1164 3394 1211 3452 uel

162 3491 260 3566 potius
275 3492 380 3549 restitui
395 3501 426 3548 ut
444 3491 513 3548 nihil
535 3490 675 3548 debeatur
689 3491 905 3550 recentioribus
945 3491 982 3548 In
997 3491 1119 3549 Manilio
1133 3505 1210 3549 certe

162 3607 217 3646 nec
233 3587 461 3661 Gemblacensis,
477 3608 532 3647 nec
547 3589 597 3666 qui
616 3599 708 3648 aetate
730 3588 845 3648 inferior
867 3608 903 3648 eo
917 3586 1131 3666 'quinquaginta
1152 3589 1210 3647 lete

161 3688 246 3744 annis
270 3687 396 3745 creditur
416 3687 584 3763 Lipsiensis,
606 3688 668 3746 sine
689 3687 837 3745 Vossiano
861 3687 992 3746 secundo
1016 3686 1210 3746 satisfaciunt:

161 3786 241 3862 quod
265 3804 324 3862 quo
349 3786 529 3844 manifestius
554 3796 665 3863 pateret
689 3786 860 3861 legentibus
884 3787 1011 3861 integros
1038 3786 1210 3862 plerumque
