2760 4448
178 250 240 312 160
492 264 640 315 macras
660 264 914 315 menrasense

176 450 213 489 ne
238 450 256 489 a
281 430 506 508 palaeographia
530 432 650 509 quidem
676 434 857 493 causandum
882 435 968 495 erite·
988 450 1058 494 nam
1084 435 1115 494 in
1143 453 1228 496 uersu

176 528 456 606 Metamorphoseon
477 531 524 588 vii.
552 534 608 605 158
636 535 728 590 metor
750 532 887 591 Iolciacos
910 536 1002 610 tetegreit
1022 554 1084 592 cum
1114 539 1228 612 coniage

168 636 272 705 portus
304 629 431 706 optimus
464 629 558 688 codex
587 629 756 690 Marcianus
789 631 971 691 Clolclriacos
998 632 1104 705 habet;
1142 645 1171 693 et
1198 636 1227 691 in

177 727 318 786 Seruiano
347 727 458 787 scholio
486 727 523 785 ad
545 727 635 805 Verg.
659 729 722 788 Ecl.
746 730 781 789 iv.
808 749 846 805 34
874 733 948 788 socii
967 731 1081 790 Iasonis
1106 731 1227 806 Minyae

173 828 310 903 appellati
333 832 401 884 sunt
427 829 472 884 uel
497 827 532 883 ab
556 847 628 902 agro
653 828 738 886 traria
762 831 883 886 nomi‘nis
911 829 1078 889 Colchorum
1101 830 1227 890 Vossius

173 927 334 1001 reponebat
346 924 485 982 Iolcoram
501 923 525 1003 (i
534 923 708 1004 Ioleiorum).
753 925 819 998 Sed,
830 927 909 1003 quod
925 928 1058 986 omniurn
1073 938 1119 987 est
1134 931 1227 987 maxi-

174 1042 265 1094 mum,
290 1024 366 1082 bene
391 1023 433 1082 sic
458 1024 620 1100 explicatur
642 1032 754 1098 uertere,
777 1025 804 1083 h.
826 1044 851 1083 e.
874 1044 893 1084 a
917 1025 1037 1085 Colchis
1062 1028 1093 1084 in
1119 1027 1225 1087 Iolcon

173 1123 297 1198 migrare
312 1124 415 1184 facere.

214 1221 251 1278 V.
267 1241 314 1294 44,
332 1236 370 1296 45
385 1222 425 1281 sic
440 1221 536 1280 traditi
551 1231 617 1281 sunt
631 1222 661 1280 in
676 1221 794 1281 Gembl.

783 1321 931 1399 aliumque
952 1321 1051 1380 uidere

295 1418 402 1477 Phasin
423 1429 451 1478 et
472 1420 501 1476 in
523 1427 622 1478 cautes
644 1418 748 1495 Typhi
768 1438 905 1496 superare
926 1421 1073 1479 triremem
1083 1417 1103 1477 ¹.

105 1583 107 1586 ,
214 1532 251 1591 45
267 1528 439 1576 trementem
462 1519 593 1576 Vossiam'
606 1517 674 1577 Cos.
690 1519 739 1576 bo.
767 1517 847 1576 Fert.
860 1528 1017 1577 tenentem.

214 1617 244 1675 Si
258 1617 288 1673 in
297 1613 396 1675 Voss?
407 1618 552 1675 obstantem
568 1619 603 1673 81
622 1616 663 1698 sic
678 1617 816 1691 scriptum
831 1627 875 1674 est
890 1617 1103 1691 obsantruoqua
1118 1617 1224 1677 eadem

171 1714 340 1791 deprauatio
355 1715 450 1790 potuit
464 1733 501 1771 ex
516 1720 642 1771 tenmtem
657 1713 752 1772 facere
766 1716 914 1771 triremem.
946 1714 1025 1773 Nam
1040 1732 1109 1773 cum
1125 1736 1166 1774 em
1182 1718 1223 1776 ef-

169 1813 277 1870 fectum
297 1822 372 1871 esset
385 1832 450 1884 raa,
466 1822 497 1870 ut
510 1832 524 1869 e
538 1813 568 1869 in
587 1833 615 1871 re
635 1813 734 1884 abiret,
749 1814 812 1889 pari
831 1814 942 1871 ratione
961 1812 1063 1872 credas
1082 1817 1222 1874 triremem

168 1929 206 1969 ex
220 1918 346 1969 tematem
360 1911 541 1987 profluxisse.

210 2026 276 2086 Liu.
297 2027 376 2084 xxxi.
393 2041 431 2101 45
452 2025 548 2085 Cetera
570 2028 668 2084 classis
693 2025 856 2085 Geraestum
878 2029 986 2085 tenm't:
1008 2037 1037 2085 et
1056 2044 1129 2087 mox
1145 2028 1223 2087 ‘Inde

171 2123 379 2185 Cassandream
393 2132 511 2202 petentes
527 2128 625 2202 premo
645 2127 687 2184 ael
704 2124 884 2208 Mendaeum,
903 2127 1077 2185 maritimum
1095 2128 1222 2186 coartatis

167 2227 226 2283 eries
240 2226 340 2295 aziam,
355 2232 469 2283 tenuere.

210 2323 247 2381 V·
263 2326 311 2395 46,
328 2337 365 2398 47

290 2421 377 2481 Tolle
398 2421 469 2480 istos
489 2430 587 2497 partus
607 2419 760 2480 hominurn
782 2421 837 2479 sub
858 2420 951 2479 sidere
972 2419 1030 2480 tali.

290 2520 445 2579 Sustuleris
465 2519 574 2578 bellum
597 2519 714 2578 Troiae.

165 2618 213 2676 Ex
227 2617 284 2678 hoc
299 2619 363 2678 loco
377 2617 500 2676 fortasse
513 2619 587 2676 tueri
601 2619 711 2694 poteris
723 2617 827 2677 Catulli
840 2617 910 2675 illud
920 2616 1052 2676 absolute
1068 2628 1218 2694 sumptum

165 2717 319 2794 Ingratum
333 2719 448 2776 tremuli
458 2718 520 2774 tolle
526 2719 658 2793 parentis
672 2735 741 2775 onas
754 2716 841 2774 lxviii.
858 2734 924 2788 142.
1007 2740 1008 2744 ¹

206 2816 244 2874 V.
262 2832 300 2890 50

288 2913 367 2972 Vera
390 2913 539 2989 Syracusis
561 2912 684 2972 Salamis
705 2930 766 2970 non
788 2923 901 2989 merget
922 2911 1062 2970 Athenas.

163 3011 206 3071 Vt
229 3031 261 3071 ra
289 3009 376 3071 Voss.²
396 3011 490 3070 Versa
510 3011 636 3084 Iacobus,
659 3012 708 3068 sal
726 3013 756 3067 in
781 3017 861 3070 textu
882 3009 968 3068 Victa
989 3011 1128 3086 praetulit
1147 3009 1216 3070 Vita

158 3112 343 3170 'Thomasios

206 3210 298 3268 Recte
332 3209 459 3267 Iacobus
494 3208 578 3267 Versa
614 3227 651 3266 ex
687 3207 761 3267 coni.
789 3207 875 3266 dedit.
905 3206 1033 3266 Salamis
1059 3227 1144 3266 uersa
1172 3219 1215 3266 est

164 3307 311 3385 triumphi,
322 3307 372 3384 qui
386 3307 423 3366 ad
440 3306 616 3366 Salaminem
631 3306 722 3364 factus
737 3315 795 3364 erat
809 3305 1041 3376 Atheniensium,
1057 3307 1214 3364 conuersio

163 3407 192 3464 in
207 3405 307 3483 lugam
324 3424 382 3481 qua
396 3405 483 3463 iidem
497 3404 690 3463 Athenienses
705 3403 856 3479 Syracusis
875 3405 969 3462 uictos
991 3422 1021 3462 se
1040 3403 1214 3463 fatebantur.

162 3505 280 3564 Frustra
297 3503 441 3562 Breiterus
454 3501 582 3562 Mersa:
603 3521 658 3562 nec
674 3502 828 3562 Thomasii
848 3504 924 3562 coni.
947 3503 1018 3574 Vlla,
1033 3502 1057 3561 si
1078 3503 1214 3560 codicum

162 3604 333 3680 scripturam
358 3602 517 3673 examines,
538 3610 598 3659 tam
623 3620 716 3678 prope
741 3601 779 3659 ad
803 3601 913 3660 litteras
934 3599 1049 3659 uidetur
1073 3601 1214 3659 accedere

162 3720 252 3779 quam
274 3700 357 3758 Versa
369 3721 380 3758 .·
402 3699 538 3775 quamuis
555 3699 726 3758 adsensum
746 3699 857 3776 optime
878 3699 991 3758 dicatur
1006 3697 1134 3757 Salamis
1155 3701 1214 3756 ulta

161 3890 181 3940 P
193 3823 271 3938 ¹LEprt1
276 3829 358 3872 tamen
371 3824 487 3937 Agreoqus
498 3823 611 3871 triremis
621 3822 647 3871 in
658 3822 771 3872 uersibus
783 3823 813 3872 de
824 3821 936 3886 Sphaera
942 3820 1014 3873 Caeli
1025 3822 1051 3871 in
1069 3821 1213 3872 Baehrensii

183 3903 421 3952 ...upsso
