2760 4448
237 258 300 324 188
549 270 698 322 Nocens
717 268 967 319 Maurumque

237 448 299 489 non
327 429 436 490 habent
464 427 628 503 columbae,
655 428 789 488 consulto
816 427 937 488 sortasse
967 427 1082 504 illigatis
1115 437 1147 485 ut
1173 426 1289 504 experi-

237 537 369 586 mentum
383 527 433 586 fiat
447 528 599 605 possintne
616 527 738 587 domum
757 527 871 587 reuerti.
911 525 961 585 An
975 525 1096 586 reddere
1109 529 1227 604 saepto?
1246 545 1290 586 sc.

237 635 270 684 ut
284 626 458 702 saginentur.

279 724 316 782 V.
333 729 473 801 395-398
489 725 529 784 sic
543 724 639 784 traditi
653 734 721 783 sunt
735 725 765 782 in
780 723 896 784 Gembl.

360 823 401 881 At
422 842 489 883 cum
512 842 543 883 se
564 823 659 900 patrio
681 823 824 899 producet
845 824 876 880 in
897 840 1023 899 aequore
1044 822 1133 900 piscis

359 921 396 981 ln
417 922 588 999 caelumque
609 922 704 981 ferens
726 922 825 982 alienis
846 922 953 980 finibus
974 923 1026 980 ibit

360 1019 500 1100 Quisquis
521 1031 565 1080 est
585 1021 635 1080 tali
655 1021 775 1098 capiens
796 1022 851 1078 sub
872 1031 1004 1097 tempore
1024 1021 1115 1080 uitam

360 1119 506 1179 Litoribus
528 1121 655 1197 ripisque
677 1138 746 1179 suos
767 1118 948 1178 circumferet
968 1137 1071 1179 annos.

280 1231 336 1293 397
353 1217 493 1295 Quisquis
508 1219 532 1277 is
547 1229 590 1278 est
612 1217 696 1276 Voss.1
712 1218 786 1290 Quis
800 1218 881 1276 crito
896 1216 1037 1294 Quisquis
1051 1217 1131 1276 eritb
1145 1218 1238 1293 uulgo.

278 1316 364 1376 Falso
391 1317 515 1376 editores
540 1336 576 1376 ex
601 1316 789 1375 deterioribus
816 1315 902 1375 codd.
926 1319 981 1373 erit
1007 1316 1170 1374 intulerunt.
1214 1315 1288 1373 Non

237 1424 344 1473 temere
359 1413 474 1473 Gembl.
490 1421 536 1485 esl,
550 1413 648 1474 Voss.¹
664 1417 688 1472 is
701 1421 741 1472 est
753 1415 902 1491 praebent.
948 1412 1080 1489 Quisquis
1094 1416 1119 1471 is
1135 1420 1176 1471 est
1192 1413 1240 1472 uel
1260 1433 1288 1470 es

237 1513 325 1572 dictio
346 1531 407 1570 non
428 1513 603 1590 infrequens.
645 1513 714 1571 Tib.
730 1513 757 1571 ii.
775 1532 801 1570 2.
819 1527 856 1587 35
871 1513 916 1570 At
933 1519 972 1584 lu,
994 1514 1120 1587 quisquis
1140 1513 1164 1570 is
1185 1532 1220 1582 es,
1239 1513 1292 1568 cui

236 1613 417 1688 lrzslifronte
433 1610 542 1686 Cupido
556 1611 690 1687 Imperat.
727 1611 813 1671 Ouid.
826 1610 914 1668 Trist.
929 1611 966 1668 iii.
984 1629 1028 1669 11.
1045 1613 1082 1685 56
1098 1610 1151 1667 Ad
1161 1617 1194 1680 te,
1208 1612 1286 1685 quis-

235 1712 298 1786 quis
312 1711 337 1766 is
350 1729 385 1779 es,
404 1717 500 1767 nostru
513 1712 634 1785 querella
648 1711 729 1768 redii.
765 1711 809 1769 Ib.
826 1729 843 1784 9
862 1709 995 1785 Quisquis
1008 1711 1033 1767 is
1047 1716 1093 1781 est,
1108 1728 1174 1767 uum
1189 1727 1285 1766 nomen

236 1809 327 1865 adhuc
342 1814 482 1883 utcumque
494 1809 591 1866 tacebo.
622 1808 733 1869 Addito
748 1809 789 1867 sic
804 1809 976 1886 pronomine
991 1808 1154 1884 expressius
1174 1807 1284 1882 signifi·

236 1917 316 1965 catur
329 1906 392 1964 eius
406 1924 531 1982 persona
546 1906 582 1965 de
602 1925 661 1983 quo
682 1925 779 1966 sermo
799 1917 850 1966 est.
892 1906 931 1964 Et
949 1907 979 1964 in
995 1905 1146 1965 Ouidianis
1165 1905 1284 1982 quidem

236 1999 307 2058 locis
335 2009 429 2057 certus
449 2000 568 2075 quidam
590 2001 705 2059 uidetur
726 2001 847 2077 respici:
876 2001 907 2058 in
928 2000 1097 2058 Tibulliauo
1122 2018 1183 2059 non
1205 1999 1284 2069 item,

236 2115 330 2172 neque
345 2116 414 2157 uero
429 2097 458 2155 in
474 2096 637 2157 Maniliano
654 2099 803 2158 ‘whoever
825 2098 872 2158 the
895 2099 1042 2177 supposed
1065 2116 1135 2157 man
1156 2099 1191 2171 is,
1208 2099 1285 2156 born

236 2195 297 2254 into
312 2195 357 2254 lile
371 2205 401 2253 at
415 2195 485 2254 such
500 2215 517 2254 a
532 2194 619 2255 time.'

276 2294 313 2353 V.
330 2312 387 2366 402
404 2313 467 2373 sqq.
483 2295 524 2353 sic
539 2295 637 2372 scripti
652 2306 719 2354 sunt
734 2295 763 2353 in
778 2294 896 2354 Gembl.

357 2391 485 2464 Questus
507 2393 659 2469 naufragio
680 2394 786 2470 petitur
806 2411 969 2471 corpusque
990 2392 1137 2470 profundo

358 2491 526 2550 immissum
546 2493 653 2568 pariter
674 2510 764 2568 quam
784 2491 892 2568 praeda
914 2493 1066 2569 exequitur
1086 2493 1157 2569 ipsa.

277 2607 335 2664 403
351 2591 511 2668 exquiritur
517 2593 645 2666 plerique
658 2591 810 2668 exequitur
823 2593 903 2650 etium
919 2610 943 2650 o.

278 2688 420 2765 Loquitur
446 2690 482 2748 de
506 2691 694 2750 uenatoribus
721 2691 846 2768 piscium
871 2700 900 2750 et
924 2689 1111 2760 concharum,
1136 2688 1186 2767 qui
1211 2688 1283 2748 dum

235 2788 403 2862 margaritas
420 2788 450 2845 in
469 2788 616 2864 profundo
635 2799 787 2865 quaerunt,
802 2789 857 2865 ipsi
878 2807 964 2866 saepe
984 2789 1170 2866 perimuntur.
1212 2787 1283 2848 Ex·

234 2887 360 2961 quiritur
380 2887 537 2962 Pingraeus
559 2887 600 2945 sic
622 2887 822 2964 interpretatus
843 2898 896 2960 est,
920 2886 1129 2965 ‘Quelquefois
1150 2905 1220 2947 avec
1243 2888 1283 2946 les

235 2983 329 3060 perles
344 3002 383 3043 on
398 2986 482 3044 retire
497 2984 523 3044 le
542 3004 631 3063 corps
648 2986 684 3044 de
703 2985 778 3045 celui
797 2987 847 3065 qui
866 2987 963 3063 aperi
984 2986 1056 3044 dans
1077 2997 1151 3044 cette
1174 2983 1283 3063 piche’

236 3083 394 3142 Creechius
423 3084 464 3142 sic
492 3085 575 3143 uertit
597 3084 661 3143 ‘All
690 3084 763 3142 shall
786 3085 823 3143 be
847 3083 945 3145 dar’d:
977 3085 1037 3143 aud
1061 3084 1131 3161 they
1152 3084 1283 3144 immerst

235 3182 307 3240 shall
332 3200 402 3240 rove
424 3181 515 3242 Thro'
538 3182 660 3260 DepthS,
682 3184 834 3260 despair'd,
857 3184 917 3242 and
938 3184 994 3243 lost
1016 3193 1046 3242 to
1068 3183 1150 3242 those
1172 3180 1284 3242 above!

237 3280 294 3340 Sed
316 3281 393 3339 unde
413 3279 530 3339 Gembl.
545 3284 718 3357 exequilur?
759 3281 834 3341 Puto
856 3282 933 3341 aliud
955 3282 1026 3359 quid
1047 3282 1145 3354 latere,
1160 3280 1283 3341 fortasse

234 3382 424 3447 exuendum·
446 3398 515 3437 nam
537 3381 645 3438 retibus
666 3398 879 3457 nonnunquam
898 3380 1120 3439 includebantur
1141 3379 1284 3439 conchae.

235 3478 308 3536 Plin.
325 3479 365 3536 H.
380 3476 417 3536 N.
434 3478 473 3538 ix.
492 3498 545 3536 111
568 3479 621 3536 ltus
642 3480 816 3536 urzuuutium
838 3499 909 3536 cura
924 3481 991 3554 peti,
1014 3480 1072 3536 illis
1092 3481 1180 3554 captis
1192 3479 1285 3551 facile

234 3579 335 3629 ceteras
348 3573 473 3647 palantis
488 3572 591 3630 retibus
605 3573 718 3631 z'ncludi.
753 3574 802 3630 An
815 3575 953 3649 exugitur
966 3571 1163 3652 (exsuguur)?
1203 3571 1284 3631 Nam

235 3670 354 3729 conchis
379 3671 530 3730 abstractis
556 3671 629 3727 mari
651 3689 736 3730 umor
757 3681 785 3730 et
808 3689 896 3730 sucus
917 3688 977 3747 quo
999 3672 1101 3729 uiuunt
1123 3671 1282 3747 abripitur:

235 3769 381 3842 urinatori,
396 3769 419 3827 si
435 3769 518 3844 aquis
537 3769 695 3827 exstinctus
710 3777 761 3842 est,
777 3770 1000 3846 exsanguinatur
1021 3787 1127 3846 corpus
1148 3780 1177 3829 et
1197 3769 1284 3847 quasi

236 3868 392 3942 exsugitur.
434 3866 558 3947 (Vitruv.
573 3866 620 3925 viii
635 3866 743 3945 Praei.)
