2760 4448
629 209 650 259 I

151 380 174 441 1·
191 385 295 459 utu

232 481 453 559 Tarquinioque
474 482 572 542 minus
592 501 676 560 reges
697 494 726 542 et
747 485 872 545 Horatia
892 487 992 566 proles

232 579 312 639 Tota
332 580 409 639 acies
431 581 529 657 partis.

151 675 199 735 Ne
223 677 270 737 hic
298 679 418 755 quidem
442 678 606 739 Bentleium
630 698 746 757 sequor.
790 681 850 753 Qui
875 702 944 743 cum
967 684 1040 744 falso
1056 695 1162 762 pertus

109 777 239 835 crederet
266 777 297 835 in
326 776 533 837 Gemblacensi
561 790 667 850 extare,
689 779 746 838 hoc
771 782 913 857 praetulit.
953 784 1044 861 Atqui
1065 789 1163 861 partis

110 885 209 932 extare
239 875 270 932 in
299 873 416 934 Gembl.
440 877 520 936 testis
547 886 592 936 est
620 876 799 936 Thomasius
811 897 820 950 ;
839 886 947 955 partus
972 881 1062 942 Voss¹
1090 894 1118 942 et
1146 884 1163 942 l

110 972 226 1031 habent.
277 973 383 1032 Portis
417 975 554 1050 equidem
594 975 727 1052 praefero
769 975 798 1035 h.
812 996 837 1037 e.
872 979 961 1053 partis
997 997 1065 1040 suae
1101 983 1162 1040 siue

110 1069 322 1144 Romanorum,
345 1073 414 1149 quia
441 1091 503 1132 non
531 1073 583 1133 toti
611 1074 759 1147 exercitui,
782 1074 835 1134 sed
864 1077 1015 1135 certamini
1043 1077 1163 1140 fratrum

109 1170 205 1228 omnis
226 1169 343 1229 fortuna
364 1172 432 1231 belli
453 1172 611 1232 commissa
633 1181 685 1231 est.

149 1268 173 1328 1.
189 1271 248 1343 780

394 1367 546 1445 maiorque
566 1368 636 1428 uiris
657 1379 686 1428 et
707 1368 818 1428 Cloelia
838 1369 931 1446 uirgo

153 1466 231 1526 Etsi
245 1485 315 1526 uere
331 1467 450 1526 traditur
463 1468 494 1524 in
509 1466 599 1526 Voss²
612 1477 642 1526 et
656 1486 679 1542 o,
696 1466 827 1546 (Gembl.
842 1468 930 1528 habet
940 1488 969 1528 co
981 1473 1061 1544 colzo,
1073 1471 1162 1532 Voss¹

108 1565 217 1645 cocclz'a)
232 1585 293 1625 non
307 1568 390 1624 eliam
409 1565 571 1642 significare
592 1564 687 1637 debet,
702 1566 755 1624 sed
776 1566 854 1624 idern
875 1577 918 1626 est
939 1568 1019 1645 quod
1035 1569 1162 1647 ‘idque'

110 1666 172 1724 siue
194 1669 299 1741 ‘atque
321 1665 376 1737 ea,'
393 1666 518 1740 uertique
542 1666 635 1722 motbr
662 1663 776 1736 Cloelia,
799 1666 881 1742 idque
900 1669 985 1742 uirgo
1005 1687 1066 1725 cum
1087 1676 1163 1727 essct.

112 1763 247 1840 Suspicor
266 1775 365 1822 tamen
384 1782 438 1839 pro
451 1770 477 1821 ct
494 1763 678 1822 scribendum
700 1781 765 1821 esse
786 1769 826 1836 lu,
843 1764 915 1822 sicut
930 1765 1018 1823 etiarn
1039 1766 1069 1823 in
1095 1780 1162 1842 795,

110 1863 161 1921 ubi
182 1862 298 1922 Gembl.
311 1861 457 1920 Emcrz'tus
478 1863 583 1919 caelum
603 1867 630 1918 e!
651 1859 760 1920 Claudi
774 1881 879 1938 magna
894 1873 1023 1942 propago
1035 1864 1092 1935 dat,
1108 1883 1163 1942 pro

109 1969 137 2020 ct
149 1960 352 2038 reponendum
366 1961 480 2019 uidetur
493 1967 553 2019 tua.
587 1958 772 2039 (Clausorum
788 1958 956 2041 Breiterus.)

151 2060 176 2118 1.
193 2062 330 2137 798-802

436 2156 617 2234 Venerisque
638 2156 677 2215 ab
698 2155 808 2232 origine
830 2155 929 2231 proles

233 2257 307 2316 Iulia
327 2255 477 2316 descendit
498 2255 581 2315 caelo
602 2255 774 2332 caelumque
795 2254 924 2330 repleuit,

152 2359 212 2415 800
233 2354 324 2427 Quod
344 2356 418 2431 regit
437 2354 587 2431 Augustus
609 2352 689 2412 socio
710 2371 763 2429 per
783 2353 866 2429 signa
887 2352 1033 2428 Tonante,

233 2453 333 2514 Cernit
352 2463 381 2512 et
402 2453 432 2510 in
453 2461 539 2512 coetu
559 2451 670 2510 Diuum
691 2468 889 2528 magnumque
910 2449 1067 2522 Quirinum

232 2552 328 2611 Altius
348 2551 473 2611 aetherei
494 2569 584 2627 quam
604 2549 710 2609 candet
730 2549 854 2609 circulus
876 2549 964 2611 orbis.

110 2653 156 2710 Ita
176 2651 274 2710 locum
295 2650 384 2709 edidit
407 2650 543 2709 Iacobus.
584 2648 710 2707 Codices
729 2648 770 2708 sic
792 2649 904 2706 uariant
1012 2653 1069 2725 798
1090 2668 1163 2709 uen-

109 2752 218 2828 trisque
244 2749 349 2809 Gembl.
363 2757 390 2807 ct
410 2751 501 2807 ceteri.
578 2761 635 2824 799
658 2767 696 2804 cm
718 2747 903 2822 soliumque?
934 2747 1077 2826 repletum
1099 2750 1163 2808 Vos-

108 2850 195 2908 sc'em'.
279 2851 338 2906 800
360 2849 459 2908 divum
479 2865 519 2907 cx
537 2846 618 2905 duim
639 2848 686 2904 uel
705 2844 784 2904 dium
805 2845 911 2905 Gembl.
932 2847 1038 2923 quirini
1056 2846 1163 2908 Gembl.

111 2953 169 3008 802
193 2966 252 3025 qua
265 2948 315 3006 be.

151 3046 295 3106 Notabilis
309 3046 392 3107 locus
406 3055 449 3104 est
463 3053 580 3122 propter
594 3042 790 3103 adulationem
798 3043 931 3118 Augusti.
957 3042 1037 3102 Nam
1051 3044 1075 3104 si
1090 3045 1163 3105 fides

108 3157 152 3206 est
171 3145 329 3217 codicibus,
345 3144 463 3221 fingitur
476 3143 609 3202 nondum
626 3151 758 3200 mortuus
776 3140 928 3216 Augustus
941 3141 972 3198 in
990 3143 1072 3201 caelo
1094 3163 1162 3202 cum

109 3246 182 3305 Ioue
204 3262 332 3320 regnare,
347 3244 446 3320 ibique
467 3244 498 3300 in
517 3242 639 3300 deorum
661 3250 747 3299 coetu
767 3240 867 3299 uidere
884 3240 990 3299 Iulium
1006 3241 1162 3300 Caesarem

110 3355 139 3404 et
155 3343 314 3402 Romulum
330 3340 410 3419 (Sen.
426 3341 567 3400 Controu.
580 3359 609 3416 p.
628 3342 683 3415 198
699 3337 783 3397 Burs.
796 3338 938 3397 Romulus
948 3347 1079 3398 sacratus
1089 3341 1162 3397 caclo

102 3440 247 3520 parcns);
268 3441 317 3518 qui
331 3450 386 3498 tres
400 3440 513 3498 caelum
527 3439 607 3516 quod
622 3438 697 3496 ultra
711 3438 855 3514 galaxiam
869 3448 912 3496 est
923 3447 1021 3496 tenent
1035 3456 1103 3496 cum
1118 3437 1163 3497 dis

109 3536 277 3595 maioribus.
318 3534 533 3611 Comparentur
548 3533 656 3592 similes
671 3549 770 3590 uersus
785 3531 837 3589 1v.
847 3547 987 3606 933-935
997 3531 1044 3588 Nc
1057 3531 1162 3588 dubites

110 3635 221 3694 homini
238 3635 348 3692 drur'rzos
372 3634 481 3692 credere
504 3633 591 3690 uisus.
632 3630 698 3688 Iam
709 3631 794 3708 facil
813 3632 870 3706 ipsc
891 3631 952 3687 deos
972 3630 1106 3703 mr'tlr'lque
1123 3630 1165 3686 acl

109 3735 203 3792 sidera
218 3752 326 3806 numen,
336 3732 440 3790 Marus
450 3739 476 3789 et
484 3731 615 3805 Augusto
626 3734 727 3787 crescet
737 3728 787 3786 sub
794 3729 926 3803 principe
939 3728 1051 3786 caelum.
1082 3726 1162 3785 Nam

112 3844 143 3892 ut
157 3832 181 3892 Ι.
194 3846 251 3908 799
267 3831 370 3890 caelum
385 3832 507 3908 repleuit,
519 3829 558 3888 ita
572 3828 624 3886 IV.
635 3844 693 3904 935
709 3834 810 3886 crescet
822 3828 925 3885 caelum
940 3825 977 3885 ad
992 3835 1110 3884 auctum
1124 3845 1161 3885 ex
