2760 4448
562 271 800 324 EPIMETRVM
1147 270 1211 342 215

204 432 272 493 Alia
295 429 395 492 nescio
415 436 455 490 an
475 430 553 508 apud
576 431 668 490 ullum
688 431 728 492 sis
748 432 928 504 inuenturus,
949 426 1000 490 dz'n
1019 448 1075 510 pro
1099 449 1164 508 quc,
1184 435 1213 488 et

162 533 273 608 templis
290 549 344 608 pro
361 531 503 606 exemplis,
517 538 639 606 augusta
653 548 708 607 pro
722 536 850 607 angusta,
861 536 956 607 petens
969 547 1023 607 pro
1034 535 1114 606 petes,
1123 540 1210 606 pera-

159 632 258 706 gentia
272 631 365 686 stilera
379 629 506 687 membris
516 646 570 706 pro
581 629 717 705 parentia
730 632 815 705 sz'gna
820 629 941 706 figures,
957 636 982 687 et
990 629 1111 709 geminas
1125 627 1213 686 stinul

162 735 190 786 ct
198 746 265 802 quos
271 728 394 803 protulit
405 744 482 784 urna
495 744 550 803 pro
560 729 670 802 gemini
674 729 766 802 pisces
779 745 846 802 quos
853 727 977 802 protulit
988 728 1073 798 unda,
1084 728 1210 802 utrasque

163 844 220 904 pro
233 825 472 902 utrz'rcsque,fhrzs
485 843 539 901 pro
543 826 622 901 sori,
634 825 666 882 in
673 825 824 902 frontibus
838 825 907 899 ipsis
914 824 1005 884 Nosse
1018 826 1088 882 satas
1101 844 1155 882 non
1170 830 1211 883 est

162 942 218 1000 pro
226 925 300 998 quod
304 923 436 998 partibus
450 923 518 998 pares
531 921 760 982 Dodecatemorz'z‘.
789 921 858 981 Hoc
873 923 1008 981 ultimum
1022 932 1101 981 certe
1116 941 1205 1000 quam

163 1040 256 1098 prope
275 1040 293 1080 a
314 1020 425 1079 traditis
444 1019 580 1079 codicum
599 1020 707 1092 litteris,
722 1030 782 1078 tam
800 1020 888 1096 longe
903 1039 921 1079 a
935 1038 1010 1079 sono
1024 1022 1106 1080 abest
1119 1019 1208 1080 litter·

163 1137 262 1179 arum:
277 1127 308 1178 ut
317 1118 412 1197 quiuis
428 1118 569 1196 intelligat
578 1128 629 1177 aut
637 1137 673 1177 ex
684 1118 785 1177 codice
795 1117 925 1177 dissimili
937 1129 1102 1178 nostrorum
1112 1129 1161 1177 aut
1169 1137 1207 1178 ex

164 1216 302 1294 singulari
316 1216 465 1275 diuinandi
478 1217 608 1276 ubertate
621 1217 799 1294 prouenisse.
851 1216 916 1274 Iam
936 1216 1006 1275 illud
1008 1218 1094 1294 foris
1108 1216 1207 1276 nonne

164 1333 269 1375 omnes
290 1331 428 1374 numeros
441 1313 528 1374 habet
547 1314 781 1391 probabilitatis?
823 1297 904 1386 Quid
914 1324 981 1375 sunt
992 1315 1071 1374 enirn
1085 1315 1208 1375 insidiae

163 1414 237 1474 fori?
278 1413 387 1490 Aperte
408 1422 597 1491 opponuntur
618 1411 691 1471 inter
712 1431 743 1472 se
763 1411 879 1471 fraudes
900 1412 978 1486 soris,
1001 1413 1105 1472 caedes
1126 1412 1208 1473 domi

163 1522 251 1589 atque
270 1511 302 1569 in
322 1511 476 1571 moenibus
494 1511 564 1588 ipsis
579 1510 702 1570 Romae.
743 1511 833 1570 Amat
852 1510 911 1570 hoc
928 1510 1089 1570 antitheton
1104 1510 1208 1570 Cicero

163 1622 197 1669 ut
217 1629 254 1669 ex
275 1609 388 1668 Handii
407 1609 576 1668 Tursellino
597 1619 715 1686 apparet
734 1610 762 1669 ii.
776 1629 805 1687 p.
823 1613 892 1686 708.
929 1608 975 1668 De
995 1608 1055 1670 Off.
1070 1609 1088 1666 i.
1105 1629 1152 1666 22.
1169 1611 1207 1686 76

158 1710 253 1784 parui
267 1710 338 1766 entia
352 1715 419 1766 sunt
418 1708 505 1786 sorz's
519 1727 611 1780 arma,
626 1710 687 1767 nasi
701 1716 741 1767 cst
752 1711 897 1767 consilium
914 1709 995 1767 domi.
1038 1706 1126 1766 Rosc.
1141 1708 1208 1766 Am.

162 1806 238 1865 xlvii.
262 1808 319 1881 136
338 1807 416 1864 domi
426 1807 558 1883 dignitas,
566 1807 652 1882 soris
673 1809 833 1865 auctoritas.
874 1806 976 1865 lustin.
997 1807 1074 1864 xxvi.
1096 1820 1113 1880 5
1124 1807 1210 1883 soris

165 1906 292 1978 inutiles,
309 1906 386 1963 domi
385 1905 517 1981 fragiles
529 1924 591 1962 esse.

205 2001 264 2062 Sed
278 2021 346 2062 cum
360 2003 478 2061 mirarer
492 2012 552 2060 tam
566 2003 662 2062 bonae
676 2002 765 2080 frugis
775 2002 892 2062 inuenta
902 2011 963 2061 tam
973 2019 1093 2079 prorsus
1104 2001 1209 2062 nesciri

164 2102 246 2161 cuius
261 2111 365 2172 essent,
381 2100 489 2160 contuli
503 2119 551 2160 me
570 2101 608 2160 ad
627 2102 734 2178 peritos
749 2101 893 2162 scribendi
911 2119 1050 2178 generum
1069 2111 1098 2160 et
1112 2101 1208 2160 chiro·

162 2200 349 2276 graphorum.
392 2199 434 2257 Hi
455 2217 516 2259 non
537 2218 641 2260 omnes
662 2200 740 2258 idem
760 2200 944 2258 iudicabant:
969 2218 1038 2258 nam
1053 2199 1208 2272 Macraius,

164 2297 320 2371 Madanus,
335 2296 477 2357 Nicholso
492 2307 558 2357 ante
577 2316 687 2357 annum
705 2311 783 2372 1550
798 2299 903 2375 scripta
922 2319 959 2360 ea
976 2299 1210 2378 pronuntiabant,

164 2395 200 2453 E.
215 2396 259 2456 M.
273 2396 409 2455 Thomso
430 2396 560 2473 potuisse
581 2397 657 2456 circa
680 2410 757 2470 1550
775 2398 869 2469 scribi,
883 2399 1038 2458 Warnerus
1059 2415 1121 2456 non
1140 2406 1208 2456 ante

167 2510 244 2570 1550
265 2495 475 2571 opinabantur:
509 2494 634 2572 denique
659 2495 784 2553 Iacobus
806 2495 914 2555 Parker
936 2497 1066 2574 potuisse
1090 2494 1209 2572 quidem

163 2595 241 2653 circa
264 2609 342 2668 1550
367 2592 464 2664 scribi,
487 2610 553 2651 eam
577 2603 676 2651 tamen
700 2610 763 2651 esse
784 2595 951 2652 uniuersam
972 2594 1099 2671 speciem
1121 2594 1209 2670 scrip·

162 2702 244 2751 turae
261 2711 336 2770 quae
355 2691 445 2750 serior
459 2709 538 2749 anno
557 2694 634 2749 1600
648 2691 800 2750 uideretur.
842 2691 889 2751 Ne
909 2693 979 2752 illud
1000 2692 1118 2770 quidem
1137 2709 1210 2751 con·

163 2791 266 2861 stabat,
281 2789 381 2851 omnia
397 2788 566 2848 eiusdemne
582 2807 686 2848 manus
702 2800 808 2849 essent.
850 2790 920 2851 Hoc
940 2791 1025 2866 igitur
1046 2791 1077 2848 in
1097 2791 1209 2849 incerto

163 2888 385 2966 relinquendum
412 2887 482 2947 erit:
513 2897 627 2947 tantum
654 2888 721 2947 dico
748 2888 818 2947 mihi
845 2899 874 2948 et
902 2890 1029 2967 primum
1052 2897 1211 2964 conspecta

164 2999 194 3047 et
214 2988 329 3065 saepius
349 2985 532 3046 considerata
553 3004 668 3062 semper
688 2987 749 3045 eius
770 2988 874 3046 saeculi
896 2988 958 3046 uisa
978 3005 1040 3046 esse
1062 2986 1142 3064 quod
1164 3005 1210 3044 re·

164 3086 345 3144 nascentium
358 3085 389 3144 in
402 3084 485 3144 Italia
499 3084 656 3143 litterarum
670 3084 851 3144 nominatum
866 3095 917 3144 est.
955 3085 1035 3144 Nam
1049 3086 1209 3144 litterarum

165 3185 266 3260 ligura,
293 3201 461 3260 quanquam
489 3202 551 3246 non
578 3200 692 3259 semper
719 3182 831 3256 eadem,
857 3184 887 3242 in
914 3185 1083 3243 uniuersum
1110 3193 1210 3241 tamen

165 3300 256 3358 prope
283 3281 395 3341 accedit
425 3281 463 3340 ad
491 3299 557 3340 eam
586 3299 662 3357 quae
687 3282 724 3340 ab
748 3299 827 3342 anno
850 3300 942 3360 usque
970 3285 1047 3355 1480
1071 3280 1208 3340 inualuit:

166 3379 300 3456 exempla
334 3379 465 3438 inuenies
497 3379 528 3436 in
560 3379 619 3436 fine
651 3378 716 3437 libri
751 3381 848 3440 omnis
882 3380 1034 3440 doctrinae
1072 3378 1210 3438 uberrimi

165 3479 242 3536 Petri
261 3477 297 3536 de
316 3476 430 3536 Nolhac
446 3478 509 3536 ‘La
523 3474 713 3553 Bibliothique
731 3480 763 3536 dc
780 3477 886 3537 Fulnzb
902 3478 1020 3550 Orsini,7
1039 3478 1114 3536 inter
1133 3495 1209 3554 quae

165 3574 304 3635 Bernardi
322 3575 435 3647 Bembi,
454 3575 560 3652 Angeli
574 3575 717 3646 Politiani,
730 3575 766 3634 A.
781 3576 911 3636 Colucii:
933 3594 1057 3653 quorum
1077 3575 1210 3633 omniurn

91 3682 93 3686 ’
163 3674 273 3734 habent
294 3675 434 3734 adnotata
454 3674 513 3734 ista·
531 3673 610 3751 quod
631 3672 799 3733 simile'sit:
828 3675 982 3752 praecipue
1003 3683 1101 3732 autem
1122 3672 1159 3731 ad
1179 3670 1209 3729 id

164 3773 312 3833 saeculum
327 3773 448 3832 redeunt
467 3772 641 3848 compendia
658 3773 821 3850 scripturae.
864 3773 902 3830 Et
916 3771 1064 3830 Macraius
1081 3770 1208 3847 quidem,

166 3873 248 3931 cuius
261 3872 366 3932 iudicio
385 3872 415 3930 in
429 3872 483 3931 hac
498 3872 563 3930 crisi
578 3872 733 3949 plurimum
752 3871 859 3944 desero,
874 3872 977 3930 iterum
993 3889 1011 3929 a
1024 3888 1072 3928 me
1091 3878 1209 3944 rogatus
