2760 4448
331 1315 579 1400 NOCTES
626 1314 1049 1398 MANILIANAE.

637 1571 740 1604 1-0.-

617 1749 708 1815 LIB.
732 1749 759 1814 Ι.

205 1903 228 1965 Ι.
246 1919 292 1980 25,
310 1907 347 1963 26
363 1904 404 1967 sic
417 1914 517 1964 extant
530 1906 561 1964 in
576 1903 693 1965 Gembl.
708 1914 782 1965 teste
798 1924 948 1966 ruounsro

285 2001 385 2075 Quem
405 2003 530 2080 primum
551 2003 670 2064 interius
691 2003 780 2064 lucuit
800 2021 981 2081 cognoscere
1001 2004 1082 2062 terris
1147 2076 1150 2083 ι

325 2098 367 2148 uel
381 2115 397 2149 e

285 2164 412 2225 Munera
432 2166 597 2226 caelestum.

206 2280 243 2340 25
258 2265 378 2324 internis
399 2264 535 2323 Vossz'om'.
575 2265 655 2326 licuit
663 2267 801 2342 plerique.

205 2362 329 2440 Signum
342 2362 540 2439 interrogandi
553 2374 621 2440 post
629 2366 771 2423 coelestum
783 2363 912 2439 Scaliger
921 2362 1071 2422 Bentleius
1086 2362 1212 2422 Iacobus

161 2470 330 2538 posuerunt.
387 2460 490 2537 Nuper
526 2480 598 2521 uero
628 2462 816 2536 Thomasius,
846 2461 1025 2520 adsentiente
1060 2478 1097 2518 ex
1132 2470 1213 2538 parte

162 2559 308 2618 Kramero
329 2558 366 2618 de
386 2558 530 2619 infinitiuo
551 2578 597 2637 ap.
620 2558 775 2619 Manilium
796 2579 826 2637 p.
846 2561 894 2631 66,
913 2559 1032 2634 negauit
1053 2558 1214 2634 interroga·

160 2658 236 2717 tioni
256 2657 304 2717 hic
324 2657 423 2717 locum
444 2675 517 2730 esse,
531 2660 621 2718 uerba
642 2659 683 2717 sic
704 2659 911 2735 interpretans:
937 2656 1022 2729 Quem
1044 2653 1214 2736 (mundum)

161 2757 245 2815 lz'cut't
266 2758 350 2815 terrz's
373 2757 433 2816 siue
457 2757 623 2816 hominibus
644 2759 762 2816 roanos
781 2775 939 2832 cognoscere
952 2758 1081 2832 promum
1103 2774 1215 2814 munere

161 2856 313 2926 coelestum,
334 2865 367 2915 ut
394 2874 484 2915 omne
512 2857 671 2916 sententiae
698 2856 816 2934 pondus
843 2855 950 2913 inesset
978 2854 1076 2913 uerbis
1104 2872 1215 2912 munere

161 2954 317 3013 coelestum.

203 3051 320 3110 Vellem
333 3052 381 3111 hie
394 3052 492 3113 liceret
503 3052 573 3112 mihi
584 3053 670 3113 amici
684 3051 855 3112 sententiam
865 3050 1011 3126 amplecti.
1042 3048 1101 3108 Sed
1114 3048 1214 3107 nescio

161 3149 314 3227 quomodo
334 3150 474 3228 languent
495 3152 537 3211 sie
557 3153 647 3211 uerba
669 3160 736 3228 post
757 3150 947 3228 magnificum
968 3147 1039 3207 illud
1060 3147 1214 3208 exordium

164 3265 264 3321 20-24

284 3345 361 3406 Bina
381 3348 453 3406 mihi
473 3347 575 3424 positis
596 3346 694 3409 lucent
714 3346 815 3406 altaria
829 3345 964 3405 flammis.

285 3444 334 3504 Ad
354 3445 414 3506 duo
434 3446 544 3523 templa
564 3465 676 3522 precor,
697 3445 805 3523 duplici
825 3445 1022 3505 circumdatus
1042 3452 1124 3502 aestu

287 3543 432 3604 Carminis
452 3554 481 3604 et
501 3562 615 3617 rerum3
638 3553 718 3604 certa
739 3561 807 3603 cum
827 3536 892 3620 lege
912 3549 1071 3602 canentem

286 3640 416 3702 Mundus
437 3653 466 3702 et
479 3643 624 3702 immenso
645 3652 743 3701 uatem
764 3640 973 3718 circumstrepit
994 3639 1077 3712 orbe,

285 3740 404 3819 Vixque
425 3742 519 3801 soluta
541 3741 599 3800 suis
619 3741 745 3799 immittit
766 3742 856 3799 uerba
877 3739 985 3815 figuris,

161 3841 253 3918 fitque
267 3841 351 3917 quasi
366 3839 522 3900 descensus
536 3839 674 3900 orationis
688 3858 781 3916 paene
798 3858 834 3897 ex
853 3837 1013 3916 praecipiti.
1055 3834 1214 3895 Manifesto

164 3955 212 4014 25,
229 3942 267 3998 26
282 3938 321 3998 ad
334 3957 370 3998 ea
382 3938 544 3998 reseruntur
558 3957 632 4016 quae
646 3948 713 4015 post
727 3937 883 3997 subnexuit
898 3956 946 4012 30,
963 3955 997 4010 31

218 4050 285 4105 Η
698 4057 716 4096 Β
