2760 4448
237 231 294 297 viil
650 245 875 299 enarrarre.

238 423 340 466 uersus
367 402 507 483 exscripsi
535 405 577 466 sic
605 415 637 464 ut
661 407 691 464 in
715 405 922 466 Gemblacensi
946 404 1040 465 traditi
1065 414 1148 464 sunt:
1184 404 1290 465 deinde

239 504 380 564 lectiones
394 504 537 563 subnexui
551 505 728 581 reliquorum
743 506 887 565 codicum.
929 505 1071 576 Elucebit,
1087 505 1142 563 nisi
1159 523 1206 563 me
1221 505 1291 563 fallit

239 603 391 673 sententia,
411 621 466 662 nec
488 603 599 662 Iacobo
620 604 795 662 credendum
816 622 879 662 esse
901 621 956 662 nec
979 601 1138 663 Becherto:
1168 622 1237 661 nam
1258 613 1291 661 ut

239 701 460 760 Gemblacensis
485 719 536 778 per
558 720 588 760 se
613 719 674 759 non
696 703 800 761 sufficit
824 702 862 760 ad
882 703 981 761 omnia
1003 701 1225 778 expediendum,
1247 701 1290 761 sie

239 799 400 859 Vossianus
414 800 460 858 ille
475 818 529 858 nec
545 800 733 877 interpolatus
749 801 834 859 debet
850 800 958 870 haberi,
974 810 1053 859 etex
1067 818 1128 859 uno
1143 818 1179 858 eo
1193 817 1289 876 neque

239 918 276 958 ex
291 899 347 957 alio
358 899 416 957 ullo
430 899 537 974 corrigi
550 909 673 976 possunt
687 899 757 957 uitia
768 917 843 976 quae
858 898 1104 958 Gemblacensem
1118 909 1148 958 et
1162 898 1290 976 reliquos

239 999 370 1057 eiusdem
385 997 445 1055 fere
460 998 560 1055 aetatis
575 999 633 1055 iam
647 997 804 1056 inueterata
819 998 1006 1056 obsederunt.
1253 1072 1256 1077 .

281 1096 372 1168 Quod
393 1097 417 1154 si
438 1113 490 1172 per
510 1095 588 1154 hunc
610 1095 736 1154 libellum
758 1095 881 1154 effecero
903 1105 934 1153 ut
954 1096 1048 1172 magis
1065 1096 1129 1172 quis
1150 1095 1291 1170 intelligat

240 1196 376 1271 antiquos
398 1195 515 1252 codices
539 1194 579 1251 ita
602 1203 748 1269 praestare
770 1194 933 1253 recentibus
954 1194 1049 1252 uthis
1071 1205 1169 1252 tamen
1190 1212 1289 1270 super-

241 1293 333 1352 sederi
361 1302 495 1369 nequeat,
526 1293 599 1350 sicut
627 1310 774 1369 nusquam
802 1293 832 1350 id
863 1292 966 1351 clarius
997 1293 1186 1351 demonstrari
1214 1310 1290 1364 reor,

240 1393 357 1450 habebo
386 1390 464 1468 quod
499 1408 647 1467 opponam
681 1410 729 1449 me
759 1392 956 1450 incusantibus
985 1392 1067 1468 quasi
1096 1391 1291 1450 astronomica

240 1497 350 1544 temere
373 1486 427 1544 sim
449 1484 602 1559 adgressus
626 1484 718 1543 homo
742 1504 798 1543 nec
820 1486 992 1560 astrologiae
1014 1486 1082 1544 satis
1103 1485 1211 1563 peritus
1236 1502 1291 1543 nec

241 1584 394 1642 astrorum.
448 1581 594 1640 Nimirum
622 1583 652 1641 id
680 1584 803 1659 agebam
831 1594 862 1642 ut
890 1595 994 1660 poetae
1019 1602 1073 1643 nec
1100 1584 1213 1659 optimo
1236 1600 1291 1641 nec

241 1693 341 1741 tamen
363 1682 436 1740 inter
455 1682 593 1750 abiectos
608 1681 648 1739 ibi
669 1682 823 1757 opitularer
843 1682 892 1740 ubi
912 1684 1073 1740 scribarum
1094 1682 1213 1753 incuria,
1228 1700 1291 1740 non

242 1799 303 1848 sua,
318 1780 478 1852 laboraret;
501 1780 623 1838 certiora
637 1791 738 1855 postea
752 1800 788 1839 ex
803 1781 981 1840 doctioribus
997 1782 1136 1858 petiturus
1151 1788 1179 1840 et
1193 1781 1291 1855 periti-

241 1880 341 1939 oribus
355 1879 558 1937 astronomiae.
600 1878 639 1937 Et
653 1879 710 1937 hoc
724 1889 768 1937 est
782 1880 862 1955 quod
881 1879 1007 1939 Firmico
1027 1881 1124 1937 minus
1141 1880 1196 1938 sim
1210 1896 1291 1949 usus,

241 1995 332 2053 quom
345 1977 532 2053 intelligerem
546 1976 624 2034 hunc
640 1977 676 2035 de
691 1995 771 2035 nouo
786 1978 929 2036 edendum
948 1978 1063 2055 suscipi,
1079 1978 1202 2053 plurima
1215 1995 1291 2052 quae

242 2075 370 2134 Firmico
391 2094 459 2134 curn
481 2073 595 2132 Manilii
616 2075 744 2133 carmine
765 2077 933 2135 communia
955 2086 1052 2134 essent
1071 2085 1213 2152 occupata
1232 2076 1291 2133 iam

241 2174 354 2250 pridem
376 2192 393 2232 a
411 2173 566 2248 Scaligero.
607 2173 704 2249 Atque
725 2175 836 2231 utinam
858 2176 942 2233 nobis
956 2175 1060 2250 Anglis
1076 2175 1242 2252 contigisset
1259 2184 1292 2232 ut

241 2273 304 2330 uiro
319 2272 547 2348 incomparabili,
562 2271 685 2347 Hugoni
695 2271 730 2328 A.
745 2272 767 2329 Ι.
780 2271 898 2342 Munro,
912 2291 973 2331 non
988 2274 1067 2350 prius
1081 2285 1157 2332 esset
1171 2274 1293 2349 abrepta

241 2372 301 2429 uita
321 2388 410 2448 quarn
431 2371 461 2428 in
482 2370 596 2428 Manilii
615 2371 820 2429 Astronomica
842 2371 961 2430 easdem
982 2372 1151 2431 contulisset
1171 2381 1200 2430 et
1221 2372 1292 2430 doc-

241 2469 334 2527 trinae
355 2471 431 2527 uires
452 2477 480 2527 et
500 2469 608 2544 ingenii
622 2469 727 2544 quibus
749 2469 901 2546 aequalem
921 2487 976 2528 nec
998 2469 1097 2529 habuit
1111 2488 1291 2546 quemquam

243 2584 300 2625 nec
315 2566 465 2624 habiturus
479 2577 531 2625 est.
574 2567 631 2625 Sed
646 2577 753 2638 tamen,
766 2579 906 2644 quantum
921 2569 1012 2644 potui,
1027 2569 1124 2626 curaui
1139 2568 1291 2643 diligenter

243 2683 280 2722 ne
305 2665 379 2722 ultra
403 2665 544 2743 propositi
568 2665 626 2723 mei
651 2667 858 2742 praescriptum
885 2683 1032 2741 euagarer‚
1057 2684 1093 2725 ea
1120 2667 1291 2743 plerumque

241 2763 394 2821 tractando
405 2781 479 2840 quae
494 2780 601 2821 nouam
615 2764 710 2822 lucem
725 2764 864 2839 adeptura
877 2766 923 2823 uel
936 2783 973 2823 ex
985 2765 1139 2823 Thomasii
1153 2765 1229 2823 curis
1244 2766 1291 2823 uel

240 2879 280 2920 ex
295 2880 363 2920 meo
377 2861 471 2919 studio
486 2861 650 2920 iudicarem.

284 2961 421 3020 Ceterum
449 2978 486 3018 ne
514 2960 580 3036 plus
608 2961 709 3019 credar
736 2961 893 3037 adrogasse
922 2961 1045 3021 Manilio
1070 2980 1158 3038 quarn
1188 2981 1290 3020 aecum

242 3059 345 3130 suerat,
365 3059 449 3117 liceat
470 3058 517 3118 hic
538 3078 766 3118 commemorare
788 3060 868 3137 quod
890 3071 1005 3119 centum
1029 3060 1086 3120 iere
1108 3070 1174 3118 ante
1197 3078 1291 3118 annos

240 3159 279 3217 de
303 3155 458 3217 Gonru1o¹
480 3158 616 3216 traditum
640 3161 814 3234 accepimus.
856 3159 885 3217 Is
908 3161 986 3218 enim
1008 3178 1098 3236 quom
1119 3159 1166 3216 die
1187 3169 1291 3233 quarto

244 3256 421 3331 Septembris
441 3257 509 3314 anni
533 3259 608 3330 1784
628 3257 784 3332 Hercyniis
803 3259 950 3316 montibus
965 3257 1089 3333 (Horta)
1104 3259 1156 3314 iter
1172 3256 1290 3327 iaciens,

243 3373 311 3414 cum
329 3354 460 3412 familiari
482 3355 510 3411 in
533 3356 562 3413 id
583 3356 682 3432 iugum
705 3357 901 3415 adscendisset
922 3357 1002 3434 quod
1024 3357 1111 3414 hodie
1128 3356 1290 3432 appellatur

243 3452 381 3523 Bracken,
401 3454 555 3512 comitante
578 3473 692 3530 semper
713 3456 896 3514 serenissimo
918 3456 998 3514 caelo
1020 3455 1135 3532 (immer
1157 3455 1290 3530 begleitet

243 3570 300 3610 von
329 3552 395 3608 dem
424 3551 545 3609 hellsten
574 3553 728 3630 Himmel),
753 3554 781 3609 in
810 3553 913 3610 librum
937 3556 985 3631 qui
1012 3554 1148 3628 inscripta
1173 3554 1290 3628 gerebat

275 3747 283 3776 ¹
302 3748 371 3798 Bries
379 3766 408 3798 ztr
420 3751 483 3798 Frau
496 3766 543 3798 von
555 3751 622 3798 Stein
632 3767 671 3798 no.
682 3751 729 3813 518
739 3751 776 3799 ed.
788 3750 871 3799 Schiill
884 3751 954 3811 1885,
965 3767 1038 3814 quem
1050 3751 1131 3800 locum
1144 3751 1290 3799 monstrauit

242 3827 302 3875 mihi
315 3829 408 3877 amicus
420 3844 488 3878 meus
499 3828 649 3878 Cuthbertus
661 3827 758 3878 Shields
770 3845 798 3878 ex
811 3830 884 3877 sociis
897 3829 1006 3892 Collegii
1018 3829 1137 3891 Corporis
1149 3828 1248 3877 Christi.
