2760 4448
485 295 634 346 NOCTES
654 294 906 349 MANILIANAE

300 464 358 525 Seu
379 466 450 542 petit
470 465 618 545 hesperios
640 486 729 545 supra
750 487 781 528 se
803 470 923 529 circinat
944 469 1048 530 orbem

298 563 465 624 Verticibus
486 583 573 643 super
594 576 745 625 astantem.

216 681 274 754 634
291 678 430 756 praecidit
440 683 522 738 eiiam
537 679 604 740 Cns.
615 682 737 758 procidit
753 682 972 742 Vassrirm’aenba
987 686 1046 758 635
1061 681 1122 754 hou
1142 684 1233 757 Voss.²

173 797 226 854 qna
246 778 401 854 compendio
417 781 478 836 sine
493 778 573 838 horis
591 782 651 838 sine
672 779 777 840 horum
795 782 923 840 indicari
929 788 1044 858 peierat
1060 784 1117 856 637
1134 793 1232 843 mutat

172 879 253 935 elram
263 877 421 953 Lipsiensis
435 878 544 937 mutaT
558 877 626 937 Cns.
636 887 751 938 mutans
766 879 790 952 b,
800 889 905 938 nutans
922 879 1016 950 Voss.¹‚
1027 890 1126 939 astans
1142 881 1232 941 Voss.²

171 977 246 1051 qnod
250 976 381 1052 fhriasse
388 977 460 1053 suit
470 994 597 1054 arquans
611 978 670 1034 stne
682 996 781 1036 arcum
792 978 917 1053 faciens,
932 979 1045 1036 elr'eenni
1058 979 1092 1036 id
1107 979 1230 1037 necabu-

171 1075 229 1132 lum
243 1075 370 1132 lalinilas
384 1076 497 1150 respuit.
540 1075 621 1133 Hinc
635 1085 751 1135 mutans
765 1075 885 1134 Iacobus
953 1094 1004 1135 seu
1017 1076 1121 1134 codr'ces
1135 1095 1230 1136 amnes

171 1190 225 1230 ceu
238 1173 278 1231 eal.
292 1170 416 1230 limitati
426 1191 496 1232 nam
513 1191 564 1232 seu
578 1173 643 1250 quis
657 1172 810 1232 Bentleeies.

210 1268 294 1329 Duos
321 1270 390 1330 dicit
419 1271 542 1331 circulos
573 1271 770 1331 Meridianum
798 1281 827 1331 et
859 1272 1043 1332 Horizonta:
1076 1274 1150 1331 alter
1180 1283 1229 1333 est

170 1366 361 1430 Meridianus.
402 1370 451 1429 Ad
471 1388 533 1429 rem
554 1369 676 1446 quadrat
697 1370 807 1447 optime
829 1369 963 1430 Macrob.
984 1369 1013 1429 S.
1036 1369 1065 1429 S.
1083 1370 1101 1428 i.
1119 1384 1167 1445 15.
1188 1375 1227 1430 16

168 1466 353 1526 Mereilianns
366 1475 406 1526 est
417 1471 489 1527 enim
500 1488 577 1544 quem
591 1470 634 1526 sal
644 1487 707 1526 enm
720 1479 804 1545 saper
814 1469 954 1527 hominnm
966 1470 1094 1527 uerticem
1108 1472 1226 1540 uenerit,

168 1567 259 1641 ipsum
281 1569 351 1625 diem
372 1568 491 1626 medinm
512 1567 649 1645 efficienda
666 1568 815 1643 designat:
837 1574 864 1625 et
882 1570 949 1643 qnia
964 1567 1228 1643 globositatem

167 1664 348 1724 habitationes
361 1667 482 1724 orantisne
496 1667 623 1742 aequales
636 1667 694 1725 sibi
704 1685 759 1724 esse
772 1684 827 1723 non
841 1667 963 1740 patriar,
979 1684 1035 1723 non
1047 1667 1139 1724 eadem
1150 1675 1227 1741 pars

166 1765 240 1822 caeli
256 1766 377 1822 omniane
398 1766 525 1822 uerticem
544 1765 675 1840 despicit:
695 1771 722 1822 el
740 1765 796 1822 ideo
813 1783 887 1822 unns
907 1764 1032 1822 omnibns
1046 1745 1226 1823 meridianas

165 1880 222 1919 esse
235 1881 289 1919 non
299 1863 408 1937 palerii,
421 1864 471 1920 sed
481 1863 603 1940 singulas
612 1863 743 1940 gentibus
755 1872 840 1940 super
852 1863 979 1921 uerticem
993 1881 1075 1920 sunm
1082 1865 1225 1939 proprias

167 1961 341 2018 meridianus
354 1960 480 2038 efficitur.

207 2057 338 2117 Dubium
350 2069 446 2135 potest
460 2058 559 2118 haberi
574 2069 690 2118 rectene
704 2057 803 2117 Voss.2
817 2060 896 2116 herii
911 2056 948 2136 (si
962 2058 1054 2117 modo
1069 2066 1112 2117 est
1127 2055 1223 2136 nores)

164 2157 313 2215 tradiderit
327 2157 356 2215 in
369 2160 385 2214 6
389 2173 437 2232 35,
448 2176 486 2214 an
501 2167 625 2234 praestet
634 2157 663 2215 id
673 2158 754 2234 quod
764 2157 851 2216 habet
860 2156 1050 2215 Gemblcum
1062 2156 1180 2234 reliquis
1191 2167 1222 2215 et

166 2254 402 2315 Cusanoleoram.
418 2254 492 2314 Mihi
501 2274 561 2315 non
571 2266 679 2314 temere
689 2274 785 2331 neque
796 2273 848 2331 per
858 2251 1088 2313 errorem*heris
1097 2255 1221 2314 inlatum

164 2354 284 2413 uidetur.
327 2353 405 2412 Nam
426 2354 602 2412 meridianus
623 2354 706 2431 quasi
721 2355 827 2411 trutina
841 2352 926 2411 horas
943 2353 1046 2412 diuidit
1060 2353 1221 2429 aequaliter

165 2461 277 2510 sextam
298 2452 444 2523 notando;
467 2452 549 2529 quod
570 2452 640 2528 quid
661 2462 705 2510 est
726 2451 804 2510 aliud
825 2469 915 2527 quam
936 2458 1048 2510 sexlarn
1068 2453 1223 2510 examinat

163 2550 264 2608 leores?
283 2549 330 2610 Sic
339 2551 417 2608 enim
425 2550 504 2609 horis
514 2547 639 2629 (datiuo)
648 2550 680 2608 fit
690 2550 720 2608 in
730 2550 789 2608 duo
797 2549 919 2608 dimidia
928 2547 959 2628 (6
972 2565 993 2608 ><
1005 2546 1033 2628 a)
1045 2549 1220 2609 distributim

165 2647 233 2708 Hoc
248 2649 342 2723 magis
357 2667 393 2706 ex
408 2647 520 2705 Manilii
538 2666 636 2706 more:
662 2648 731 2706 illud
751 2647 873 2717 facilius,
888 2658 918 2706 ut
933 2648 1033 2706 horam
1047 2666 1219 2709 accommo-

163 2745 230 2805 date
249 2746 314 2822 quis
328 2747 365 2805 ad
379 2753 488 2805 sextam
504 2747 636 2805 intulerit.
678 2746 737 2805 Sed
756 2747 889 2806 nondum
909 2746 977 2804 satis
1000 2764 1046 2804 res
1064 2747 1219 2823 explorata

162 2853 223 2904 est:
248 2845 300 2903 etsi
315 2846 394 2903 enim
415 2844 451 2902 de
474 2843 592 2905 Cusano
615 2854 738 2917 constat,
760 2845 922 2922 pleniorem
944 2845 1076 2903 notitiam
1098 2844 1218 2905 aliunde

163 2943 304 3002 desidero.
331 2943 401 3013 Hic,
418 2943 442 3002 si
459 2950 570 3002 mutans
584 2943 775 3021 assumpseris
788 2962 824 3001 ex
839 2942 937 3003 Voss.¹
952 2953 980 3002 et
994 2943 1019 3014 b,
1034 2943 1087 3001 erit
1106 2947 1153 3003 ‘et
1167 2943 1217 3004 hic

163 3039 299 3117 quidem'
313 3041 410 3100 locum
425 3059 541 3119 semper
560 3052 676 3100 mutans
690 3041 720 3099 in
734 3043 825 3112 cae10,
840 3042 864 3100 si
877 3047 970 3099 mula!
988 3060 1024 3100 ex
1046 3041 1215 3100 melioribus

163 3138 279 3198 Gembl.
288 3139 367 3216 Lips.
380 3139 457 3210 Cus,
472 3140 550 3198 idem
565 3140 617 3199 sed
629 3140 735 3198 clarius
749 3140 931 3216 significabit,
944 3149 1084 3217 tanquam
1099 3158 1215 3199 nouum

162 3238 304 3297 inducens
321 3238 350 3296 id
364 3257 423 3315 quo
437 3239 615 3297 meridianus
636 3257 654 3297 a
675 3239 828 3315 praedictis
842 3238 957 3296 circulis
972 3237 1160 3297 discernitur:
1181 3248 1216 3297 ut

162 3336 307 3395 Macrobii
321 3337 418 3395 uerbis
430 3348 501 3408 utar,
512 3357 584 3395 unus
595 3337 719 3395 omnibns
729 3337 902 3395 mereilianns
913 3356 967 3394 esse
980 3355 1036 3393 nan
1045 3339 1156 3412 peimi,
1165 3339 1217 3395 sed

159 3435 417 3512 singulrsgeniibus
430 3446 513 3512 super
523 3438 650 3493 uerticem
665 3455 744 3494 snum
748 3437 889 3511 proprius
899 3435 1071 3492 mereilzanus
1085 3435 1213 3513 efficitur.

162 3532 237 3593 Mox
258 3553 306 3592 seu
325 3535 355 3592 si
371 3536 435 3609 quis
449 3534 598 3606 MoliniuS,
615 3543 647 3592 ut
660 3534 781 3604 uidetur,
796 3534 826 3590 in
839 3554 887 3591 eeu
908 3535 937 3591 si
953 3534 1017 3609 quis
1035 3533 1211 3594 emendauit.

162 3628 237 3691 Sane
252 3632 403 3692 Lucretius
418 3634 453 3690 iv.
470 3635 609 3708 617—619
627 3633 739 3709 scripsit
753 3631 902 3709 Principio
916 3651 1013 3690 sucum
1032 3634 1165 3691 sentimus
1178 3634 1213 3691 in

157 3749 213 3804 are,
224 3731 312 3791 cibum
322 3751 384 3790 cnm
394 3729 557 3789 Mandenda
571 3732 766 3807 exprimimus,
776 3751 823 3789 cea
831 3731 945 3806 plenam
960 3734 1106 3808 spongiam
1120 3734 1214 3809 aquai

234 3929 251 3963 ⁴
268 3931 422 4001 Compendio
433 3931 481 3987 illo
492 3931 636 3996 plerumque
647 3932 692 3994 rn's,
704 3947 889 3996 nommmquam
901 3947 960 3981 rnna
972 3929 1132 3996 significatur.
