2760 4448
679 257 715 307 II

167 472 170 481 ,
212 413 254 474 11.
270 414 465 490 661τ663616
480 425 579 474 extant
594 414 625 472 in
640 413 756 474 Gembl.

521 514 523 518 ’
699 512 761 571 duo
781 531 898 572 cernere
919 512 1013 590 pisces

292 611 332 670 Et
352 611 486 688 geminos
502 610 622 670 iuuenes
642 611 848 688 duplicemque
869 613 901 670 iu
920 612 1033 687 uirgine
1054 609 1179 672 formam

933 707 974 756 uel
984 714 1078 757 textum

292 774 332 835 Et
353 775 413 835 duo
434 776 565 834 centauri
586 775 733 834 1166111116
754 775 785 832 in
806 793 928 852 corpore
950 776 1081 833 mixtum.

211 895 270 968 663
286 893 316 949 in
330 910 382 950 om.
391 893 520 967 plerique
531 902 641 950 textum
656 890 724 950 Cus.
742 891 872 948 Vossioni
882 908 943 948 uno
958 909 1081 967 corpore
1096 891 1165 949 texti
1178 893 1219 951 ed.

168 989 254 1048 Rom.
280 1006 357 1064 1510
385 1008 446 1048 uno
474 1008 598 1066 corpore
626 1000 721 1048 textos
746 988 876 1066 Scaliger
899 1007 960 1047 uno
988 1007 1113 1066 corpora
1141 1000 1220 1048 textu

168 1088 313 1147 Bentleries
346 1106 407 1171 uno
421 1088 452 1146 in
467 1107 589 1164 corpore
603 1097 697 1146 textus
711 1107 767 1163 ego.

211 1185 428 1263 Simplicissime
450 1186 520 1244 mihi
541 1187 642 1245 uideor
664 1203 692 1243 u.
709 1188 767 1261 663
788 1185 954 1244 refinxisse:
980 1204 1050 1244 uam
1070 1187 1093 1244 si
1109 1187 1219 1245 scribas

168 1304 224 1342 uno
240 1287 271 1341 in
287 1295 399 1361 corpore
414 1291 517 1354 textus,
534 1294 657 1360 excepta
671 1284 765 1342 littera
779 1301 837 1359 qua
851 1301 953 1342 uersus
967 1284 1108 1342 clauditur
1119 1284 1219 1342 omnia

168 1393 320 1440 seruantur
340 1392 372 1440 ut
394 1383 424 1440 in
446 1381 560 1440 Gembl.
582 1382 723 1457 leguntur.
761 1381 819 1441 Sed
840 1382 941 1440 nescio
963 1400 1001 1440 an
1022 1400 1083 1439 11611
1108 1384 1218 1439 meatus

113 1499 116 1504 ·
168 1479 307 1540 Manilius
335 1481 499 1557 praetulerit
526 1491 558 1538 ut
581 1483 671 1539 rarius
696 1481 786 1539 altero
809 1480 857 1538 illo
880 1481 960 1556 quod
989 1481 1218 1557 suprascriptum
1253 1556 1255 1560 λ

167 1577 256 1652 habet
270 1577 387 1638 Gembl.

209 1676 249 1735 Il.
264 1680 404 1752 665-667

290 1775 369 1833 Nam
390 1794 485 1852 neque
507 1775 624 1835 Taurus
645 1775 732 1835 habet
753 1775 891 1835 comitem
912 1794 966 1833 nec
988 1775 1116 1852 pingitur
1137 1775 1186 1833 ulli

290 1873 464 1933 Horrendus
486 1873 548 1933 Leo
570 1893 625 1934 nec
646 1874 747 1932 metuit
768 1874 830 1932 sine
852 1892 975 1950 corpore
996 1893 1176 1953 quemquam

291 1971 430 2049 Scorpius
449 1985 537 2050 atque
558 1989 619 2032 uno
640 1983 775 2032 censetur
795 1973 941 2050 Aquarius
963 1983 1039 2032 astro

199 2088 336 2164 pingitur
347 2088 463 2147 codices
477 2098 591 2165 praeter
606 2087 722 2147 Gembl.
734 2089 863 2163 ziingi‘lur
874 2086 990 2147 Gembl.
1012 2088 1082 2148 Hoc
1096 2089 1218 2148 restituit

164 2186 304 2264 Scaliger.
321 2187 412 2263 Atqui
423 2189 558 2263 pingitur
577 2205 647 2245 uere
668 2197 764 2262 potest
781 2187 864 2258 tradi,
880 2205 950 2245 nam
964 2186 1111 2246 coloribus
1133 2187 1218 2262 signa

165 2285 287 2343 Zodiaci
301 2286 483 2357 notabantur,
498 2295 530 2343 ut
543 2296 587 2344 est
600 2286 699 2343 uidere
719 2285 748 2343 in
763 2286 864 2344 codice
878 2285 1051 2344 Arateorum
1066 2284 1217 2343 Ciceronis

164 2383 250 2441 Harl.
265 2368 335 2457 647.
377 2383 489 2461 ltaque,
504 2384 528 2442 si
545 2383 652 2460 duplex
673 2383 791 2460 siguum
810 2383 871 2453 luit,
888 2393 1009 2460 utraque
1030 2393 1127 2442 autem
1149 2401 1215 2458 pars

164 2481 297 2541 colorem
314 2499 400 2540 suum
419 2482 527 2554 habuit,
544 2481 598 2541 hae
620 2482 696 2539 inter
713 2500 744 2540 se
766 2483 807 2541 sic
829 2483 1013 2553 coniunctae,
1027 2481 1116 2540 altera
1135 2481 1216 2539 alteri

164 2566 295 2656 adpingi,
305 2581 375 2652 siue,
388 2589 419 2638 ut
432 2580 480 2639 hic
494 2591 546 2650 est,
557 2580 639 2657 pingi
654 2580 830 2639 dicebantur.
851 2580 976 2638 Datiuus
987 2581 1043 2638 ulli
1050 2599 1087 2638 ex
1098 2581 1216 2638 notione
1296 2566 1299 2570 ⁸

162 2678 279 2737 comitis
299 2677 386 2737 habet
405 2678 638 2754 explicationem.
689 2677 865 2754 Sequentem
886 2696 913 2736 u.
936 2678 1093 2737 Doruillius
1118 2678 1217 2750 certis·=
1309 2709 1312 2712 ·

164 2776 239 2835 sima
263 2777 429 2836 coniectura
453 2777 577 2835 correxit
601 2777 708 2851 scripto
732 2777 792 2834 sr'ree
814 2787 949 2853 conpare:
982 2777 1060 2835 idem
1082 2795 1162 2834 error
1186 2777 1216 2833 in

164 2872 280 2932 Lucret.
295 2873 330 2933 iv.
346 2877 403 2951 897
421 2873 551 2950 Corpore
569 2880 602 2931 ul
619 2875 673 2932 hac
693 2876 777 2932 nomi
793 2876 862 2931 uelis
882 2881 1010 2950 uentoque
1013 2876 1145 2952 feratur,
1165 2875 1216 2932 ubi

126 3050 129 3056 Ι
162 2971 280 3031 codices
301 2972 371 3031 dant
393 2971 529 3049 Corporis
549 2978 583 3030 ut
600 2992 634 3030 oc
655 2973 746 3031 nouii.
789 2971 895 3031 Fuerat
918 2971 1047 3050 Conporf
1066 2979 1100 3030 ut
1119 2969 1217 3051 (le)ac:

160 3091 177 3147 7
190 3070 260 3148 quia
273 3070 482 3147 compendium
496 3080 557 3129 erat
571 3088 625 3146 pro
640 3071 674 3141 is,
689 3069 757 3129 hinc
771 3081 868 3129 ortum
884 3069 1030 3148 Corporis.

204 3168 245 3228 11.
261 3169 320 3245 699
336 3186 400 3246 sqq.
414 3169 456 3229 sic
470 3176 571 3241 extant
584 3169 615 3226 in
630 3166 746 3227 Gembl.

468 3269 470 3274 ’
693 3265 866 3325 his'finibus
886 3285 951 3325 esse

286 3363 586 3424 Duodecatemorium
607 3373 744 3424 constant
763 3365 809 3423 bis
830 3383 959 3442 serraque
979 3375 1085 3424 cuncta

287 3461 434 3522 Omnibus
454 3463 485 3520 in
505 3464 603 3540 signis.

203 3576 481 3637 Dodecatemorium
502 3576 634 3654 Scaliger
647 3587 784 3637 constant
804 3578 905 3635 codices
925 3587 1040 3636 constat
1054 3578 1213 3636 81111111-

161 3678 238 3734 trius
261 3685 368 3735 cuncta
381 3678 484 3734 codices
518 3697 556 3734 an
570 3678 695 3752 puncta?

203 3775 268 3833 Iam
287 3774 412 3832 Huetius
428 3774 466 3834 ad
483 3774 520 3833 V.
537 3788 594 3849 767
609 3775 659 3832 ubi
677 3774 713 3833 de
734 3773 889 3850 elephanto
907 3792 1003 3833 sermo
1020 3783 1064 3832 est
1082 3773 1215 3850 Turpiter

161 3874 292 3932 11111111
320 3873 449 3932 cedentem
470 3875 592 3951 peredere
610 3876 717 3932 cuncter
741 3874 898 3951 inponetis
916 3873 1087 3932 immutauit.
1130 3873 1214 3933 ldem
