2760 4448
678 273 706 328 V
1150 272 1209 320 201

160 436 269 512 garitis
288 435 410 512 trigenta
430 435 493 508 tris,
516 441 631 506 montem
652 454 769 493 aureum
789 433 958 510 quadratum
980 448 1042 489 cnm
1070 430 1161 487 cnnt's
1188 434 1216 486 et

163 535 283 593 leonr'bns
296 536 421 611 etpornis
434 535 523 593 omnes
530 535 642 610 generis
655 534 828 591 cz'rcnrndata
839 533 893 590 nite
903 549 999 602 aurea,
1015 545 1157 587 musaeum
1173 545 1213 586 ex

163 633 334 710 margaritis
342 634 373 691 in
381 632 593 711 cuenssastogoo
602 633 781 708 horologium.
811 629 891 688 Erat
898 636 924 687 et
930 631 1021 704 inrogo
1033 626 1086 686 Cn.
1096 626 1218 702 Pompei

162 751 178 789 e
191 732 368 807 margaritis,
383 732 434 789 illa
452 733 567 790 relicino
580 731 680 788 nonne
694 735 793 805 grata,
808 730 886 786 eliens
900 727 989 803 probi
1006 727 1065 783 oris
1078 743 1214 782 ueneran-

163 830 244 905 diqne
257 840 313 906 per
332 837 447 889 cunctos
462 831 563 907 gentis,
583 830 643 901 illa,
664 830 789 904 anquam,
809 846 848 886 ex
869 826 1046 901 margarites,
1068 825 1214 881 seueritate

163 929 241 990 ue'cta
263 934 290 986 et
312 930 419 986 nereore
442 930 579 987 luxuriae
602 928 752 1003 trramplro.
803 924 970 1000 Numquam
992 923 1118 1001 profecto
1141 924 1214 980 z'nter

163 1026 228 1084 illos
241 1028 320 1086 ne'ros
333 1029 462 1086 durasset
474 1045 617 1103 cognomen
630 1025 747 1102 Magni,
762 1026 792 1083 si
804 1027 902 1100 prensa
919 1025 1040 1081 uictoria
1056 1023 1097 1079 sio
1110 1022 1212 1078 treism-

157 1124 297 1200 phassetl
317 1126 521 1201 margaritis,
535 1124 654 1201 Magne,
668 1131 726 1183 torn
737 1124 862 1198 prodiga
876 1141 906 1180 re
922 1127 949 1179 et
956 1120 1080 1198 semones
1093 1123 1212 1194 reperta,

163 1241 235 1296 qnos
245 1243 343 1298 gerere
356 1235 380 1281 te
388 1224 448 1302 fas
461 1241 515 1281 non
531 1225 577 1294 sit,
592 1224 658 1282 hene
670 1224 744 1300 fieri
756 1228 817 1280 tuos
831 1222 946 1279 uoltus?
968 1220 1046 1277 sicle
1062 1219 1213 1293 prete'osnno

163 1320 281 1378 arderi?
300 1340 355 1380 non
368 1341 434 1398 ergo
447 1323 499 1381 illo
518 1328 568 1380 tna
586 1323 709 1388 sinnleor
721 1327 762 1379 est
773 1321 865 1396 imago
882 1336 966 1394 qnam
979 1316 1125 1394 Pyrenaei
1136 1317 1214 1392 iugis

164 1419 338 1493 inposuisti?

205 1514 242 1575 V.
258 1531 318 1591 520
327 1513 396 1595 sqq.
412 1518 453 1578 sic
468 1518 564 1578 traditi
579 1517 691 1578 suntin
706 1516 822 1578 Gembl.
836 1526 864 1574 et
878 1514 994 1593 reliquis

287 1616 367 1687 Quid
387 1617 483 1693 potius
504 1627 638 1676 matrona
659 1615 729 1675 uelit
749 1623 870 1674 tractare
888 1625 1006 1673 creatos

287 1713 387 1786 Quam
406 1715 516 1774 iactum
536 1732 675 1774 reuocare
697 1732 766 1774 suos
788 1713 868 1790 quod
888 1713 980 1790 possit
999 1710 1039 1769 ad
1059 1711 1151 1770 usus?

285 1813 331 1873 Ac
352 1832 389 1871 ne
410 1813 544 1872 materies
565 1814 615 1872 tali
636 1814 692 1871 sub
712 1830 835 1870 munere
856 1811 930 1870 desit

286 1910 434 1983 Quaerere
456 1913 511 1972 sub
533 1913 615 1971 terris
635 1930 737 1970 aurum
758 1911 893 1988 furtoque
914 1909 1052 1968 latentem

285 2007 428 2069 Naturam
450 2029 549 2071 eruere
571 2011 759 2088 †0rbemque
780 2011 924 2069 inuertere
945 2006 1099 2086 †praedae

205 2122 264 2182 525
280 2107 417 2186 Imperat.

163 2206 254 2266 Hunc
282 2207 381 2267 locum
408 2208 608 2268 difficillimum
636 2207 677 2267 sic
704 2225 783 2267 nunc
805 2206 985 2283 interpretor,
1010 2203 1098 2281 paulo
1127 2219 1211 2273 secus

163 2323 198 2363 ac
220 2306 300 2383 prius
322 2305 352 2364 in
374 2305 453 2368 Diar.
476 2307 578 2366 Philol.
593 2305 828 2382 Cantabrigiensi
848 2324 894 2364 xv.
918 2323 946 2380 p.
967 2323 984 2378 3
1007 2302 1211 2361 intellexeram.

167 2401 246 2476 Quid
265 2412 396 2463 matrona
417 2405 510 2482 qualis
537 2414 599 2463 erat
620 2405 762 2479 Cassiope
787 2404 885 2480 potens
905 2409 1029 2461 tractare
1048 2401 1117 2457 uelit
1135 2410 1212 2458 trac-

162 2502 269 2562 tandos
288 2503 343 2561 sibi
362 2505 459 2581 potius
475 2514 571 2563 sumat
588 2510 695 2561 creatos
712 2502 822 2580 lapides
840 2520 875 2561 ea
896 2500 1068 2560 condicione
1083 2516 1141 2575 qua
1160 2515 1212 2556 eos

163 2611 267 2661 natura
291 2602 400 2660 creauit
424 2621 508 2678 quan
535 2603 720 2678 quodquam
749 2600 856 2677 aliquid
881 2599 961 2677 quod
986 2599 1079 2675 possit
1092 2599 1211 2672 soctan

163 2717 254 2758 manu
285 2699 394 2758 lactum
425 2709 454 2758 et
484 2709 545 2759 arte
573 2698 735 2776 expolitum
765 2718 895 2757 reuocare
921 2716 985 2756 snos
1012 2698 1054 2755 ad
1078 2715 1146 2754 osus
1174 2693 1212 2752 ad

163 2796 308 2857 lenocinia
336 2797 447 2856 formae
475 2797 632 2857 adhibere?
673 2798 771 2873 Atque
792 2797 896 2856 eadem
914 2795 1067 2872 Cassiope,
1090 2814 1123 2852 ne
1143 2795 1214 2851 desit

163 2897 291 2956 materies
317 2897 477 2955 substantia
504 2899 560 2956 tali
583 2896 634 2957 sub
662 2916 774 2955 monere
805 2896 854 2954 tali
886 2895 966 2954 dono
994 2911 1104 2964 comes,
1132 2893 1213 2965 iubet

167 2991 306 3066 Quaerere
332 2995 383 3054 snb
407 2997 494 3054 terris
521 3015 624 3054 aarum
652 3001 679 3053 et
691 2995 781 3073 sarto
805 3013 887 3053 more
914 2992 1034 3051 furantis
1060 3011 1135 3070 quae
1160 3009 1213 3057 sua

163 3110 227 3152 non
240 3102 307 3152 sunt
320 3112 415 3153 eruere
428 3099 561 3152 naturam
575 3111 696 3152 omnem
714 3101 794 3169 atque
810 3093 901 3151 orbern
921 3101 1013 3150 terrae
1035 3093 1213 3153 internertere

163 3191 287 3268 spoliare
302 3193 429 3268 praedae
442 3191 473 3251 in
487 3192 612 3268 praedae
627 3210 706 3251 usus.

205 3289 264 3349 Hic
292 3291 373 3368 quod
401 3308 463 3349 non
493 3300 526 3349 ut
553 3300 620 3369 post
648 3289 820 3349 Geuartium
849 3288 979 3366 plerique
1006 3298 1035 3347 et
1062 3284 1212 3346 Bentleius

162 3394 269 3453 creatos
292 3389 465 3466 interpretor
488 3399 599 3450 creatos
621 3394 658 3449 se'
678 3389 738 3448 siue
761 3407 815 3448 suo
839 3388 933 3448 sidere
962 3387 989 3444 h.
999 3405 1025 3445 e.
1049 3395 1134 3444 natos
1158 3386 1212 3443 sub

164 3488 318 3564 Cassiopa,
340 3489 424 3547 rebar
452 3489 493 3548 sic
515 3489 626 3566 opponi
647 3489 721 3547 inter
742 3507 773 3548 se
795 3494 901 3547 creatos
921 3482 1066 3567 (lapides),
1085 3484 1211 3565 soctan,

163 3596 196 3646 ut
219 3599 322 3646 natura
343 3597 442 3646 creata
464 3597 525 3649 arte
547 3587 638 3646 factis.
690 3587 738 3646 Sic
758 3587 860 3646 Cicero
882 3586 918 3645 de
939 3585 1020 3645 Orat.
1041 3585 1068 3643 ii.
1087 3598 1135 3658 54.
1154 3603 1211 3658 ²19

161 3696 255 3745 artem
278 3704 432 3763 opponens
460 3696 578 3745 naturae
603 3685 672 3746 dicit
699 3693 804 3744 natura
825 3686 919 3763 finget
940 3685 1062 3743 homenes
1088 3689 1115 3741 et
1136 3689 1215 3749 creat

163 3786 315 3843 zinetatores
332 3791 359 3851 et
377 3791 541 3853 narratores
549 3785 661 3863 facetos
679 3792 705 3844 et
720 3788 799 3843 uultu
817 3786 968 3845 adornante
987 3789 1013 3842 et
1028 3802 1091 3841 noce
1109 3789 1136 3840 et
1152 3784 1211 3858 ipso

158 3903 259 3960 genere
282 3886 439 3953 sermones,·
468 3892 527 3946 tuno
549 3904 614 3944 nero
635 3887 667 3950 en
688 3885 738 3951 hoe
759 3887 845 3945 altero
865 3884 1023 3948 dicacitatis
1034 3883 1114 3960 guid
1134 3880 1216 3940 habet
