2760 4448
161 266 224 330 182
367 238 369 242 Α
472 272 621 326 moeres
641 270 891 325 arnararnnne

205 439 264 513 326
285 434 414 513 praefata
428 437 510 494 etiam
524 435 604 512 Lips.
619 435 747 512 praelata
768 433 852 494 Voss.1
870 434 938 495 Cus.
955 444 1022 510 post
1044 434 1104 495 sata
1126 432 1216 496 Voss.²

162 535 297 614 plantae
318 535 445 594 tonantis
472 535 558 594 Voss.1
582 533 649 592 Cas.
666 534 716 592 bo.
760 546 816 608 327
840 532 911 605 Quo
940 529 1024 592 Voss¹
1046 552 1215 614 sonumque

165 635 233 695 Cns.
261 634 327 693 feris
341 632 484 691 Bentlezies
511 633 608 708 agrius
626 631 712 690 Voss.²
725 631 860 708 oeagrius
874 631 924 690 bo.

204 752 232 791 u.
262 735 321 807 326
350 731 438 791 dubia
464 731 670 807 interpretatio.
725 723 804 788 Nam
831 730 969 809 praefata
997 748 1065 790 cum
1094 729 1214 790 Gembl.

163 829 332 907 Lipsiensis,
349 830 482 906 praelata
501 828 600 887 Voss.¹
619 837 648 887 et
668 828 810 900 Cusanus,
826 835 893 904 post
901 828 977 903 sata
995 824 1095 888 Voss.2
1117 829 1214 888 habet

164 928 233 988 Hoc
257 939 438 1005 postremum
463 926 615 1002 amplexus
640 935 684 985 est
709 924 866 999 Beothius,
889 936 920 985 ut
940 923 1115 1003 significaret
1136 945 1214 1004 quae

163 1028 261 1086 sonuit
269 1035 324 1103 per
337 1026 459 1084 heredem
474 1019 785 1097 tentumllercurium,
801 1025 851 1101 qui
872 1043 909 1083 ex
930 1036 1047 1084 mortua
1067 1027 1214 1085 testudine

163 1128 276 1204 primus
296 1125 388 1201 lyram
408 1124 511 1183 effecit.
555 1121 614 1181 Sed
634 1123 785 1199 quomodo
804 1122 887 1181 heres
904 1121 1067 1182 Mercurius
1088 1124 1214 1183 dicitur?

165 1224 243 1283 Nam
263 1232 335 1282 teste
350 1242 387 1283 eo
406 1223 456 1299 qui
474 1218 627 1299 Hymnum
648 1219 841 1281 Homericum
862 1221 900 1280 ad
921 1217 1101 1294 Mercurium
1122 1223 1213 1299 scrip·

163 1326 208 1394 sit,
231 1318 277 1381 hic
303 1323 453 1380 inuentam
478 1321 653 1379 testudinem
677 1331 705 1378 et
729 1320 759 1377 in
783 1319 862 1396 lyrae
887 1321 1013 1396 speciem
1038 1339 1213 1380 conuersam

164 1420 294 1498 Apollini
313 1419 446 1492 tradidit3
472 1430 504 1477 ut
523 1429 572 1476 aut
590 1417 699 1493 Apollo
719 1429 768 1477 aut
786 1415 930 1494 Orpheus,
945 1421 990 1478 cui
1007 1419 1079 1478 aliae
1098 1420 1213 1479 fabulae

163 1539 182 1578 a
204 1517 352 1578 Mercurio
374 1518 472 1576 datam
495 1515 651 1593 fingebant,
674 1515 750 1574 heres
771 1517 832 1576 eius
854 1516 909 1575 dici
931 1517 1069 1576 debuerit.
1113 1518 1212 1578 Schol.

165 1619 225 1678 Cic.
251 1618 332 1676 Arat.
358 1635 386 1693 p.
416 1616 445 1673 ix
468 1615 513 1673 ed.
537 1612 719 1685 Kauffmann
742 1615 824 1690 Lyra
849 1617 920 1673 enter
942 1618 1037 1675 sidera
1061 1619 1212 1675 constetuta

163 1724 204 1775 est
216 1718 270 1775 leae
282 1722 315 1773 nt
326 1714 524 1772 Eratosthenes
537 1713 580 1771 ae't
592 1713 623 1770 de
639 1732 725 1771 causa
743 1714 818 1788 quod
833 1713 914 1772 r'ru‘tio
931 1735 950 1772 a
963 1713 1113 1774 Mercurio
1123 1717 1212 1791 faeta

164 1817 196 1872 de
209 1815 339 1872 testudine
356 1812 464 1888 Orpheo
483 1819 524 1869 est
534 1809 652 1883 tradrta,
667 1814 719 1886 qui
732 1810 872 1888 Calliopes
890 1819 916 1870 et
931 1813 1041 1890 Oeagri
1052 1822 1116 1872 erat
1126 1816 1213 1892 filius

163 1913 222 1971 erus
243 1914 288 1970 rei
305 1913 429 1970 mantiae
448 1911 594 1968 studiosus.
637 1908 733 1969 Schol.
754 1908 921 1970 Germanici
939 1912 1020 1971 Arat.
1038 1931 1066 1989 p.
1088 1931 1141 1989 151
1167 1914 1212 1973 ed.

166 2010 288 2087 Breysig
302 2029 371 2084 quae
385 2005 512 2090 (testudo)
527 2029 587 2067 cum
596 2009 758 2084 putrefacta
767 2010 880 2085 fuesset
896 2017 922 2068 et
939 2014 1023 2069 nerui
1033 2015 1091 2070 erus
1104 2016 1216 2072 extensi

165 2113 239 2169 enter
252 2112 357 2167 ceream
375 2110 575 2179 remansissent,
589 2117 725 2184 percussa
745 2128 764 2166 a
779 2105 928 2168 Mercurio
946 2112 1063 2168 sonetum
1085 2113 1167 2183 dedet,
1182 2115 1213 2169 in

165 2210 245 2265 cneus
264 2209 472 2265 semeletudinem
486 2206 653 2264 Mercurius
674 2207 765 2281 lyram
774 2207 853 2285 fecit
871 2226 953 2282 quam
969 2216 1065 2284 postea
1083 2209 1216 2285 Apollini

166 2308 270 2377 datam,
280 2306 338 2363 alii
348 2305 456 2382 Orpheo
467 2306 569 2363 derunt
606 2304 664 2363 Sed
675 2323 729 2363 nec
740 2305 908 2381 Apollinem
919 2307 1006 2365 credo
1018 2307 1213 2384 significatum

167 2425 185 2464 a
203 2404 335 2476 Manilio,
350 2405 399 2480 qui
421 2405 484 2480 ipse
504 2403 549 2461 sui
569 2411 602 2461 ut
623 2402 697 2462 solet
716 2403 856 2480 interpres
876 2406 1012 2480 proximo
1033 2425 1120 2465 uersu
1135 2406 1213 2467 Oea-

167 2503 262 2577 grium
277 2500 396 2578 Orphea
414 2501 547 2560 intulerit.
589 2500 692 2579 Itaque
713 2500 791 2559 heres
810 2501 857 2560 ille
877 2507 973 2560 tantus
994 2502 1131 2580 Orpheus
1152 2507 1212 2577 erit,

167 2619 322 2677 perquem
337 2599 451 2658 testudo
464 2608 531 2676 post
546 2607 672 2658 mortem
687 2617 769 2657 suam
782 2599 892 2659 uocalis
903 2599 978 2659 facta
991 2611 1042 2659 est.
1076 2601 1214 2679 Superest

168 2708 266 2756 tamen
284 2715 362 2756 noua
379 2697 537 2756 dubitatio:
560 2697 606 2755 cui
623 2698 701 2756 enim
719 2698 809 2755 uerba
829 2697 877 2755 illa
890 2708 946 2774 per
965 2697 1085 2758 heredem
1106 2708 1214 2760 tantum

161 2803 229 2874 post
232 2797 305 2873 sata
318 2798 445 2853 sonantis
458 2813 520 2853 non
535 2795 577 2853 sic
591 2795 687 2871 potius
701 2795 873 2870 explicanda
886 2796 1070 2870 uidebuntur,
1088 2801 1215 2859 ‘uocalis

168 2894 262 2953 factae
277 2904 305 2951 et
320 2892 414 2969 Lyrae
429 2911 538 2951 nomen
554 2893 676 2970 adeptae
695 2894 724 2951 in
743 2892 831 2952 stellis
850 2911 912 2951 non
930 2894 986 2953 nisi
1005 2914 1057 2971 per
1077 2895 1214 2957 heredem

169 3003 197 3051 et
220 3009 288 3050 eum
312 2989 475 3050 mortuum'
496 2991 525 3050 h.
536 3010 561 3050 e.
583 3009 635 3067 per
658 2991 776 3068 Orphea
799 2991 851 3050 sed
872 2993 1040 3051 mortuum?
1082 2993 1162 3054 Nam
1186 3010 1215 3057 et

169 3089 238 3148 illud
246 3090 386 3166 pestsate
402 3089 500 3148 durius
515 3090 551 3148 de
566 3089 706 3148 testudine
722 3089 831 3161 dicitur,
846 3100 875 3148 et
887 3089 1037 3150 Ciceronis
1050 3093 1213 3168 scholiasta,

169 3204 257 3263 quem
268 3188 368 3246 omnia
378 3205 414 3244 ex
427 3186 549 3263 Hygino
561 3188 680 3246 traxisse
691 3188 817 3247 ostendit
828 3186 1051 3261 Kauffmannus,
1063 3192 1149 3250 tradit
1159 3212 1215 3269 px

169 3286 275 3344 Musas
289 3287 398 3343 collecta
415 3287 535 3344 membra
550 3284 683 3362 (Orphea)
696 3289 851 3362 sepulturae
863 3289 1008 3346 mandasse
1020 3296 1047 3347 et
1057 3291 1148 3365 lyram
1163 3312 1216 3366 quo

170 3388 295 3443 manente
306 3391 437 3460 poterant
453 3386 578 3462 benefiee'o
598 3388 675 3444 z'llzies
694 3389 838 3444 memoreae
856 3405 942 3444 eausa
954 3388 1116 3464 figuratam
1131 3393 1216 3450 stelles

170 3487 243 3542 enter
254 3485 348 3541 sidera
362 3485 532 3541 constituisse
545 3484 688 3559 Apollznr's
701 3491 727 3543 et
738 3485 819 3542 Ioues
833 3485 979 3544 uoluntate.

211 3581 348 3639 Ceterum
365 3600 419 3640 nec
433 3583 568 3659 praefata
589 3601 644 3641 nec
659 3584 792 3658 praelate
813 3601 866 3642 suo
887 3601 973 3642 sensu
994 3594 1089 3644 caret:
1110 3586 1177 3657 hoc,
1193 3589 1217 3646 si

169 3682 283 3738 sonanti
297 3680 454 3755 scripseris,
475 3698 536 3738 non
557 3682 634 3738 enirn
655 3680 791 3758 Orpheus
813 3681 864 3740 sed
883 3682 944 3759 lyra
962 3682 993 3740 in
1011 3684 1105 3744 stellas
1126 3686 1217 3746 relata

171 3788 222 3847 est,
245 3786 273 3836 et
295 3779 335 3837 sic
350 3781 483 3852 praelata
504 3781 618 3837 sonanti
635 3799 673 3839 sc.
695 3781 816 3839 domino
838 3799 892 3839 suo
912 3781 1034 3858 Orpheo
1055 3802 1106 3860 per
1127 3802 1216 3860 quern

172 3887 322 3935 sonuerat:
345 3877 423 3950 illud,
439 3878 462 3935 si
480 3876 605 3936 Ihnantz'
620 3897 656 3937 ex
677 3897 713 3937 eo
735 3880 815 3957 quod
831 3879 966 3942 Cusanus
985 3880 1216 3959 completisque
