2760 4448
260 264 302 344 48
336 347 340 355 .
576 278 726 331 accras
745 277 997 329 MANJLJANAE

260 434 351 495 Libra
371 453 439 495 cum
462 434 626 512 Sagittario,
645 436 816 514 Sagittarius
836 456 905 497 cum
924 437 1065 515 Aquario,
1079 434 1227 515 Aquarius
1249 455 1318 497 cum

261 532 379 594 Ariete:
410 533 547 606 feminea,
571 534 687 594 Taurus
709 553 778 595 cum
803 534 928 606 Cancro,
952 534 1068 594 Cancer
1094 526 1163 595 cum
1183 535 1318 612 Virgine,

260 631 354 707 Virgo
381 649 449 692 cum
479 631 611 709 Scorpio
639 633 778 710 Scorpius
809 651 878 693 cum
903 632 1094 709 Capricorno,
1120 632 1319 710 Capricornus

262 747 331 790 cum
346 729 485 802 Piscibus,
503 729 601 790 Pisces
616 749 683 790 cum
698 731 809 791 Tauro.
850 731 935 815 Haec
949 741 993 790 est
1007 730 1054 790 lex
1072 732 1239 808 propinqua
1255 732 1320 790 siue

261 829 504 907 propinquorum.
546 846 595 886 uu.
612 831 679 904 381,
698 848 713 886 2
729 848 766 888 ex
781 828 899 888 Gembl.
910 830 1032 887 restituit
1046 827 1203 900 BentleiuS,
1217 830 1320 889 rectis·

262 927 344 999 sime,
369 937 402 986 ut
425 926 495 984 mihi
519 926 651 998 uidetur3
682 945 753 985 nam
777 928 827 985 sed
848 930 904 1002 381
929 937 1026 1004 aperte
1047 927 1205 1003 respondet
1225 920 1319 1004 nega-

261 1025 339 1084 tiuae
351 1024 508 1102 particulae
522 1044 576 1082 non
589 1027 657 1100 380,
668 1044 696 1083 se
709 1027 882 1102 coniungunt
890 1025 993 1084 eadem
1004 1025 1078 1084 duce
1089 1023 1320 1102 palaeographia

263 1141 399 1181 exterum
414 1125 538 1198 zungun!
550 1122 740 1199 deprauatum
754 1133 805 1182 est.
837 1122 896 1181 Sed
907 1123 1052 1182 suboritur
1066 1122 1218 1196 dubitatio,
1231 1128 1320 1182 cetera

261 1240 348 1280 sexus
361 1219 491 1279 Femzuei
503 1240 593 1278 secum
610 1223 733 1296 iungunt
751 1223 912 1279 commercia
930 1222 1031 1279 mundi
1046 1239 1117 1280 num
1137 1230 1214 1280 recte
1229 1220 1321 1280 Bent-

262 1320 335 1378 leius
351 1319 502 1396 explicarit
521 1338 611 1377 secum
631 1318 834 1395 interpretatus
849 1318 992 1377 ‘feminea
1013 1337 1081 1378 cum
1100 1319 1242 1392 femineis,
1255 1338 1320 1379 non

262 1435 330 1477 cum
344 1417 497 1488 masculis,’
511 1417 592 1495 quod
608 1416 732 1492 Anglice
750 1427 846 1476 uertas
862 1417 923 1476 ‘six
944 1417 1020 1476 male
1038 1418 1119 1493 signs
1136 1419 1319 1495 correspond

263 1525 294 1575 to
314 1515 387 1574 each
406 1515 499 1586 other,
513 1514 562 1573 the
584 1515 747 1572 remainder
761 1532 810 1573 are
824 1515 963 1574 feminine
977 1514 1036 1573 and
1053 1514 1241 1592 interchange
1254 1519 1321 1591 antu

261 1615 333 1672 with
353 1613 419 1671 each
440 1613 517 1670 other
538 1612 611 1670 their
626 1610 707 1690 skiey
721 1609 905 1684 connexion,'
920 1631 958 1671 an
973 1617 1118 1684 ἔμφατικῶς
1137 1613 1320 1673 enuntianda

262 1713 319 1771 sint
330 1712 378 1769 illa
387 1710 421 1768 F
417 1712 518 1768 emirui
527 1729 622 1782 sexus,
635 1711 744 1787 quippe
755 1729 830 1787 quae
842 1729 942 1770 ueram
956 1711 1017 1768 uim
1028 1720 1146 1770 teneant
1157 1713 1320 1773 sententiae

264 1811 329 1868 ‘the
344 1808 508 1867 remainder
522 1827 571 1866 are
585 1807 723 1867 feminine
738 1809 798 1868 and
815 1809 957 1867 maintain
976 1809 1134 1886 rebiprocal
1152 1811 1319 1869 communi-

263 1908 360 1969 cation
371 1927 404 1964 ar
417 1904 503 1965 such!
535 1904 609 1965 Mox
621 1907 650 1965 si
657 1909 804 1982 quicquam
819 1908 915 1984 potius
926 1926 962 1966 ex
973 1909 1140 1966 coniectura
1151 1908 1319 1984 scripserim

262 2024 352 2084 quarn
366 2007 407 2063 sic
421 2006 533 2077 uictum,
549 2002 622 2081 (515
638 2005 706 2062 Has
719 2013 825 2063 natura
840 2008 912 2063 uices
925 2006 1027 2063 tribuit
1038 2025 1100 2063 cum
1114 2006 1209 2063 sidera
1216 2005 1319 2084 fixit),

263 2105 314 2183 qui
335 2103 488 2180 genetiuus
510 2103 608 2162 nescio
633 2121 672 2160 an
697 2101 821 2162 Manilio
847 2103 1034 2180 imputandus
1059 2103 1151 2162 suerit.
1201 2103 1318 2164 Totum

262 2204 350 2281 igitur
363 2201 462 2262 locum
477 2201 518 2260 sic
533 2201 678 2260 constituo

387 2298 445 2358 Sed
465 2308 564 2357 tamen
584 2308 627 2358 est
648 2298 702 2357 illis
723 2298 826 2359 foedus
847 2301 900 2359 sub
921 2300 985 2376 lege
1006 2299 1178 2376 propinqua,

386 2397 476 2470 Quod
497 2416 559 2456 non
580 2398 727 2456 diuersum
748 2416 841 2474 genus
861 2407 906 2458 est
927 2399 1097 2458 coeuntibus
1120 2399 1213 2471 astriS,

385 2495 521 2556 Mascula
542 2496 594 2554 sed
614 2497 742 2555 maribus
763 2498 947 2574 respondent,
970 2508 1065 2557 cetera
1086 2516 1173 2556 sexus

385 2594 517 2654 Feminei
538 2612 639 2653 secum
660 2594 784 2670 iungunt
803 2596 980 2655 commercia
997 2595 1107 2666 mundi,

387 2693 417 2751 Si
439 2693 597 2771 quicquam
617 2694 734 2752 alternis
755 2703 838 2770 paret
857 2704 961 2753 natura
982 2693 1089 2769 figuris,

386 2791 425 2849 Et
445 2800 572 2867 cognata
593 2792 688 2850 iacent
708 2792 823 2868 generis
845 2795 900 2851 sub
920 2793 1034 2868 legibus
1055 2802 1139 2852 astra.

264 2889 303 2950 Si
320 2891 467 2966 quicquam
489 2889 569 2966 quod
594 2889 682 2960 addit,
705 2898 837 2949 remanet
860 2899 959 2949 tamen
988 2891 1116 2967 suspicio
1141 2891 1319 2953 alternorum

264 2976 398 3046 siderum*
408 3006 459 3064 per
475 2988 664 3063 hexagonum
679 2988 895 3064 copulationem
913 2989 984 3047 nihil
998 2990 1029 3047 in
1043 2989 1182 3065 genituris
1200 2991 1319 3065 ualere3

263 3104 353 3163 quem
368 3085 486 3162 quidem
501 3096 701 3161 conspectum,
717 3085 880 3145 Censorino
894 3096 967 3145 teste
981 3087 1018 3145 de
1033 3086 1079 3145 die
1094 3097 1152 3146 nat.
1170 3091 1187 3146 8
1202 3090 1319 3165 qur'dam

263 3203 318 3242 non
332 3203 523 3260 usquequaque
536 3191 700 3260 receperunt,
713 3186 789 3259 quod
799 3187 945 3243 maurulum
964 3186 1005 3242 ad
1018 3187 1205 3245 maturitatem
1212 3192 1320 3263 partus

263 3282 411 3340 uz'debatur
424 3284 558 3359 aufferre.

304 3381 344 3439 ΙΙ.
361 3398 500 3455 419-422
519 3380 560 3439 sic
576 3389 675 3439 extant
689 3381 719 3438 in
734 3380 850 3440 Gembl.

387 3478 467 3537 Hinc
488 3480 567 3555 rigor
588 3489 616 3538 et
636 3479 745 3555 glacies
766 3480 941 3557 niuibusque
962 3480 1089 3539 albentia
1109 3498 1177 3539 rura

306 3596 365 3651 420
387 3575 468 3636 Hine
491 3577 553 3635 sitis
574 3587 603 3636 et
624 3577 714 3636 sudor
734 3577 887 3655 nudusque
908 3580 938 3637 in
959 3579 1080 3638 collibus
1101 3579 1182 3638 orbis

385 3676 565 3751 Aestiuoque
587 3675 648 3734 dies
668 3686 797 3753 aequant
818 3695 878 3736 nox
899 3676 1003 3753 frigida
1023 3677 1146 3736 brumae

387 3773 434 3833 Sic
454 3773 563 3833 bellum
584 3784 688 3832 natura
709 3774 781 3850 gerit
798 3775 944 3834 discordat
965 3783 994 3833 et
1015 3793 1133 3834 annum.

305 3890 366 3946 4²0
387 3873 525 3950 nudoque
545 3869 633 3930 Voss?
662 3872 771 3931 solibus
786 3870 879 3932 Bentl.
913 3892 951 3930 au
971 3873 1126 3950 nudaeque
1143 3873 1173 3931 in
1195 3872 1318 3932 collibus
