2760 4448
247 260 289 344 98
559 275 707 326 croceas
727 275 978 326 MANJLJANAE

288 435 344 494 111.
360 452 429 507 411,
445 453 502 507 412
519 434 559 493 sic
573 444 674 493 extant
687 435 718 494 in
732 435 849 496 Gembl.

371 532 429 592 Sed
449 542 526 592 certa
547 533 602 592 sub
622 533 686 610 lege
707 535 811 611 prioris
831 551 947 612 semper
967 534 997 594 in
1018 534 1101 594 astris

369 631 553 691 Incolumem
575 642 669 691 seruet
690 651 835 691 summam
857 651 1049 710 crescensque
1069 632 1218 694 nouando.

289 749 344 802 411
371 730 402 788 in
430 731 504 788 Voss.
528 729 596 790 Cur.
618 739 651 788 ut
679 730 766 791 Voss.²
788 733 828 790 bo
850 732 934 791 astris
954 733 1056 790 codices
1077 733 1151 809 ⁵astri
1173 732 1298 809 Begzbm.

245 829 349 907 prioris
364 847 480 905 semper
493 839 526 887 ut
539 829 607 887 astri
622 829 806 889 Incolumem
821 840 937 889 seruent
950 848 1096 890 summam
1111 842 1301 908 crescantque
1343 905 1347 911 ι

245 928 384 987 nouando
399 925 551 986 Bentlcz'us.

286 1024 381 1084 Valde
404 1026 514 1085 incerta
535 1034 580 1085 est
600 1024 766 1085 coniectura
787 1024 917 1099 Bentleii,
939 1044 1007 1086 cum
1029 1046 1202 1104 crescensque
1225 1030 1301 1088 bene

245 1141 276 1183 se
298 1123 414 1194 habeat,
439 1142 494 1182 nec
525 1123 714 1200 probabiliter
737 1142 774 1183 ex
799 1130 979 1201 crescuntque,
1003 1125 1028 1185 si
1055 1125 1302 1203 palaeographiae

243 1221 396 1296 credimus,
412 1221 558 1281 immutari
572 1223 707 1299 potuerit.
748 1223 813 1298 Age
827 1224 1011 1283 attendamus
1025 1241 1126 1284 uersus

368 1320 442 1379 Inde
463 1320 525 1397 pari
546 1319 639 1397 Virgo
660 1320 799 1398 procedat
819 1322 958 1398 temporis
979 1331 1054 1394 actu,

367 1417 426 1478 Sed
447 1428 527 1478 certa
548 1418 688 1494 sublege
709 1419 813 1496 prioris
835 1437 951 1496 semper
970 1420 1000 1478 in
1021 1420 1105 1479 astris

366 1516 550 1576 Incolumem
571 1526 666 1576 seruet
687 1536 841 1588 summam,
863 1536 1054 1596 crescensque
1075 1518 1227 1591 nouand0‚

243 1615 284 1674 sic
302 1614 381 1674 enim
395 1613 513 1673 Gembl.
555 1614 640 1687 Quae
655 1616 679 1674 si
693 1617 857 1687 retinentur,
872 1626 1017 1676 structura
1027 1618 1098 1689 erit;
1120 1617 1216 1694 Virgo
1232 1637 1300 1695 pro

242 1713 333 1785 cedat,
348 1713 400 1772 sed
414 1723 494 1772 certa
508 1713 562 1772 sub
576 1714 639 1788 lege
661 1728 756 1773 seruet
769 1715 800 1772 in
815 1716 899 1774 astris
919 1715 1023 1792 prioris
1037 1712 1131 1795 (astri)
1147 1734 1298 1776 summam

242 1811 428 1882 incolumem,
441 1820 470 1870 et
483 1811 601 1888 quidem
615 1830 746 1871 crescens
760 1813 907 1872 nouando.

283 1909 323 1968 Et
339 1909 412 1968 haec
433 1910 552 1987 quidem
573 1910 642 1969 satis
664 1911 701 1969 ad
722 1929 826 1970 uerum
846 1911 987 1972 accedere
1006 1912 1107 1984 sentio,
1122 1912 1297 1988 praesertim

242 2009 284 2067 sic
303 2008 406 2067 tradita
423 2008 453 2066 in
467 2009 664 2067 uetustissimo
679 2019 708 2068 et
722 2010 835 2085 optimo
849 2009 965 2071 Gembl.
1008 2010 1113 2087 Neque
1135 2020 1237 2069 tamen
1258 2011 1299 2069 ita

241 2106 375 2183 religiose
396 2107 566 2166 obstrictum
587 2125 635 2166 me
655 2107 763 2166 habent
785 2108 903 2185 antiqua
923 2118 955 2167 ut
975 2127 1038 2167 non
1058 2109 1153 2185 magis
1176 2109 1297 2169 credam

243 2205 437 2264 Manilianum
461 2205 492 2264 id
512 2206 592 2283 quod
617 2206 647 2263 in
670 2204 771 2265 Voss.²
793 2206 901 2278 inueni,
927 2217 1112 2283 tutanturque
1138 2207 1186 2265 alii
1213 2208 1296 2267 multi

240 2305 356 2364 codices
370 2305 483 2379 prcors's
503 2315 608 2378 semper
621 2311 677 2372 ut,·
702 2304 783 2381 quod
804 2315 836 2363 ut
856 2314 919 2377 stet,
933 2308 1010 2364 astri
1023 2323 1078 2382 pro
1099 2307 1188 2365 astrei·
1209 2325 1296 2383 repo·

242 2403 371 2462 nendum
392 2403 454 2463 erit.
496 2402 621 2461 Facilius
643 2404 684 2462 sic
705 2411 733 2461 et
753 2403 915 2479 expeditius
936 2421 967 2462 se
989 2404 1133 2464 sententia
1148 2405 1295 2481 explicat;

241 2501 332 2560 modo
352 2519 370 2559 a
390 2501 572 2560 nominatiuo
600 2501 687 2576 Virgo
708 2519 870 2577 numquam
889 2502 1019 2574 recedas,
1040 2501 1095 2562 sed
1116 2502 1154 2561 ab
1174 2503 1295 2579 incepto

241 2616 335 2676 usque
350 2599 388 2657 ad
402 2599 490 2657 finem
501 2599 697 2675 principatum
708 2599 735 2657 ei
751 2608 779 2657 et
788 2599 919 2675 regimen
933 2600 1043 2659 tribuas
1054 2600 1222 2659 sententiae.
1244 2601 1293 2660 Sic

241 2696 460 2773 respondebunt
473 2696 589 2755 interae
603 2697 653 2754 sub
662 2698 760 2772 legeut
771 2703 863 2755 seruet
874 2707 902 2756 et
912 2716 1093 2774 crescensque.
1125 2697 1196 2757 Hoc
1210 2700 1293 2776 equi-

240 2794 309 2853 dem
323 2793 472 2870 praefero:
495 2804 537 2853 est
551 2796 631 2853 enim
645 2793 791 2870 singulare
805 2795 929 2872 pretium
944 2796 1081 2854 Vossiani
1093 2793 1112 2868 ²,
1125 2805 1228 2872 utpote
1242 2798 1294 2874 qui

240 2892 333 2951 multa
354 2903 452 2969 aperte
476 2911 546 2952 uera
570 2912 663 2970 eaque
684 2892 772 2965 solua,
794 2895 929 2971 quamuis
951 2913 1032 2954 auno
1060 2906 1138 2970 1470
1159 2894 1293 2973 scriptus,

238 2991 465 3050 conseruauerit.

281 3091 337 3149 ΙΙΙ.
353 3104 411 3163 425

364 3189 475 3247 Rursus
496 3188 546 3265 qui
566 3189 674 3248 steterit
695 3180 834 3248 numerus
854 3189 910 3248 sub
932 3190 1051 3248 numine
1072 3190 1168 3250 noctis

183 3340 187 3350 .
239 3286 358 3346 numine
376 3285 480 3346 Gembl.
502 3285 587 3346 Voss?
604 3286 671 3347 Cur.
713 3288 833 3346 nomine
855 3285 940 3346 Voss.¹
954 3288 1005 3348 bo.

281 3384 376 3445 Miror
397 3384 537 3444 Iacobum
559 3384 764 3444 Gemblacensi
793 3387 967 3445 obsecutum
987 3387 1100 3445 numine
1116 3385 1164 3446 hic
1185 3404 1294 3448 ausum

239 3484 334 3543 edere.
389 3482 509 3560 Optime
543 3492 572 3542 et
607 3483 685 3543 hunc
719 3501 836 3542 uersum
871 3492 900 3542 et
936 3502 992 3555 421
1030 3486 1151 3542 cestrieac
1181 3489 1295 3545 nemim

239 3585 333 3654 noctes,
356 3586 385 3641 et
400 3594 457 3657 47²
477 3580 551 3652 Quot
562 3583 650 3656 prriss
669 3581 844 3640 abstulerant
857 3583 975 3657 proprio
995 3581 1046 3641 sub
1066 3584 1173 3641 nemim
1191 3583 1294 3644 Pisces

239 3680 366 3739 Huetius
380 3679 532 3757 explicauit
546 3698 582 3737 ex
604 3679 765 3737 rationariis
785 3679 960 3738 creditorum
975 3680 1022 3738 ‘in
1041 3681 1146 3757 quibus
1165 3683 1293 3742 nomina

239 3777 403 3838 debitorum
427 3778 570 3855 descripta
600 3786 690 3849 erant,
717 3786 745 3836 et
773 3795 905 3837 summae
937 3779 1052 3838 debitae
1081 3797 1133 3838 seu
1160 3779 1292 3840 creditae

239 3887 320 3935 erant
347 3878 509 3938 adiunctae.
553 3875 687 3936 Similiter
717 3877 748 3934 in
778 3876 939 3936 rationariis
968 3877 1225 3949 Astronomorum,
1251 3878 1293 3939 ad
