2760 4448
669 275 705 325 ΙΙ
1168 271 1210 342 59

285 432 480 511 Quocumque
501 433 530 492 in'
551 442 666 510 partum
686 442 859 493 nascentum
880 442 1012 510 tempore
1033 432 1103 492 luna

287 532 463 606 Constiterit,
481 534 609 591 numeris
629 532 707 591 hanc
728 543 771 592 ter
792 532 917 609 dispone
938 533 1094 609 quaternis,

161 647 189 707 h.
201 667 226 706 e.
249 666 424 726 quocunque
444 659 578 725 tempore
600 649 661 706 siue
681 647 754 708 hora
774 648 843 707 luna
865 648 1024 707 constiterit
1044 647 1074 704 in
1096 655 1211 723 partum

161 758 343 820 nascentum,
357 746 443 806 huius
463 748 548 808 lunae
567 748 608 806 sic
630 746 742 823 positae
763 764 919 805 numerum
939 745 1097 805 duodecies
1115 743 1211 803 multi·

160 845 245 922 plica.

203 943 278 1002 Mox
298 942 329 1001 in
350 957 409 1018 730
431 942 559 1020 Scaliger
579 942 668 1003 edidit
687 942 731 1002 Et
749 963 817 1018 quae
835 943 933 1002 deluiu
941 943 1069 1021 fuerint.
1107 940 1211 1000 Malim

165 1041 243 1112 Quae
263 1049 290 1099 et
308 1042 406 1100 dehzuc
430 1043 580 1121 defuerant
600 1042 666 1102 ‘the
690 1052 769 1120 parts
795 1041 986 1119 successively
1007 1040 1056 1101 lest
1080 1041 1136 1100 still
1159 1058 1212 1098 un·

160 1140 325 1199 accounted
346 1136 408 1199 sor?

203 1239 242 1297 11.
259 1251 326 1314 735,
342 1242 360 1297 6
376 1239 417 1298 sic
432 1249 532 1299 extant
546 1239 576 1297 in
590 1239 707 1298 Gembl.

285 1337 320 1395 In
341 1355 402 1414 quo
423 1338 578 1397 destituent
598 1349 625 1396 te
647 1338 754 1396 iustum
774 1336 844 1395 luna
864 1337 974 1396 tenebit

283 1434 473 1494 Duodecathe
493 1436 593 1494 moriis
607 1436 692 1512 signi.

206 1563 263 1625 735
286 1550 322 1610 In
343 1569 402 1627 qua
424 1549 493 1610 Cus.
514 1559 540 1610 et
560 1551 692 1610 Vossianz'
708 1551 863 1610 destituent
884 1559 912 1610 te
933 1547 1017 1610 Voss.¹
1039 1550 1212 1609 destituente

116 1686 121 1695 ·
170 1647 255 1708 Voss?
269 1650 330 1708 eius
348 1660 410 1708 tum
426 1649 519 1707 Bentl.
533 1650 643 1708 uidebit
664 1649 732 1709 Cus.
755 1648 839 1709 Voss.¹
853 1670 869 1708 o
883 1656 909 1708 et
925 1651 964 1708 ed.
979 1649 1106 1708 Mole‘niz'.
1151 1650 1211 1724 736

160 1747 465 1808 Duodecathemorois
481 1768 496 1806 0
513 1747 787 1808 Dodedatemorion
806 1748 926 1807 Iacobus
945 1748 1019 1824 signi
1038 1747 1106 1806 Cus.
1121 1747 1213 1825 signis

169 1844 254 1904 Voss.1
268 1865 291 1904 o.

203 1943 273 2004 Non
307 1943 391 2004 facile
419 1944 557 2004 diiudices
592 1945 666 2005 inter
696 1946 799 2017 tenebit,
827 1945 937 2003 uz'debit
988 1943 1047 2003 Sed
1077 1944 1212 2022 proprius

161 2043 266 2102 dicitur
288 2043 358 2101 luna
379 2055 493 2120 partem
517 2051 605 2102 tenere
633 2045 716 2103 cuius
744 2044 874 2103 adiectus
896 2062 1035 2102 numerus
1065 2044 1109 2116 sit,
1140 2054 1212 2119 puta

161 2142 286 2219 primam
306 2141 425 2201 alteram
446 2142 568 2213 tertiam,
584 2154 638 2202 etc.
681 2143 717 2200 In
739 2152 877 2218 sequente
898 2159 986 2201 uersu
1007 2152 1084 2201 recte
1098 2142 1212 2200 uidetur

161 2241 289 2300 Iacobus
309 2242 536 2298 dodecatemorzen
558 2240 672 2300 Graeca
695 2241 890 2300 declinatione
913 2240 1046 2311 edidisse,
1070 2241 1151 2299 cuius
1172 2239 1214 2298 rei

160 2340 318 2416 uestigium
332 2339 420 2398 credo
435 2357 584 2398 remanere
600 2339 629 2397 in
643 2338 907 2398 duodecuthemoru's
921 2338 1000 2416 quod
1015 2339 1103 2397 habet
1116 2359 1139 2397 o.

203 2437 242 2497 11.
259 2440 327 2514 736,
343 2451 359 2514 7

531 2529 599 2596 post
620 2530 717 2581 cetera
738 2520 825 2579 ducet

286 2617 397 2678 Ordine
418 2635 534 2695 quoque
556 2636 619 2678 suo.

203 2753 306 2810 quoque
330 2733 446 2793 Gembl.
471 2733 542 2793 Cus.
565 2734 711 2805 Vossiani,
736 2734 904 2804 rectissime,
930 2743 961 2791 ut
985 2735 1041 2791 661
1072 2731 1212 2803 Quartum

161 2852 292 2910 quemque
304 2833 402 2893 locum.
445 2831 521 2891 Vide
536 2831 721 2909 Maduigium
735 2833 772 2891 ad
787 2832 849 2891 Cic.
865 2831 927 2890 Fin.
942 2851 968 2890 v.
987 2844 1032 2905 17.
1049 2844 1097 2904 45.

204 2931 244 2991 ΙΙ.
268 2945 404 3007 739-741
423 2931 464 2990 sic
480 2941 580 2990 extant
593 2933 622 2989 in
638 2930 754 2990 Gembl.

286 3029 384 3089 Maior
404 3031 436 3089 in
456 3030 563 3090 effectu
584 3031 681 3090 minor
701 3043 745 3089 est
766 3028 846 3106 quod
867 3030 996 3106 partibus
1017 3029 1088 3106 ipsis

207 3138 266 3202 740
287 3127 576 3188 Duodecathemoriis
597 3129 676 3206 quod
697 3129 733 3188 sit
754 3129 834 3205 quod
855 3127 958 3186 dicitur
978 3146 1043 3187 csse
1082 3178 1088 3184 ,

285 3224 611 3285 Duodecathemorium.

1130 3321 1139 3353 1

207 3385 265 3447 740
287 3371 563 3432 Duodecathemorii
590 3374 721 3431 Vossiaue'
731 3371 811 3450 quod
825 3373 861 3432 sit
881 3375 962 3432 eleum
984 3371 1069 3433 Voss.¹
1084 3375 1164 3450 quod
1178 3374 1214 3432 sit

162 3470 245 3546 Lipsr
267 3471 733 3533 EmendoDodecatemorz'zizuu't.
758 3470 837 3530 Nam
848 3473 1062 3547 δωδεκατημόριος
1072 3472 1213 3531 adiectiue

162 3579 332 3646 usurpatum
348 3572 365 3628 a
380 3569 501 3629 Graecis
514 3589 575 3630 non
592 3580 634 3630 est
649 3589 701 3628 cur
715 3569 837 3628 Manilio
851 3571 1038 3630 abiudicetur.

205 3667 245 3728 11.
265 3682 322 3743 745
337 3687 400 3746 sqq.
417 3668 457 3728 sic
471 3678 571 3728 extant
585 3669 615 3727 in
629 3669 746 3728 Gembl.
762 3680 789 3728 et
804 3669 873 3728 Cus.

287 3766 323 3824 In
344 3784 531 3844 quocumque
552 3767 639 3843 igitur
660 3767 758 3827 stellae
779 3767 957 3844 quandoque
979 3766 1089 3826 locatae

287 3864 573 3926 Duodecathemorio
596 3864 702 3924 luerint.
721 3877 850 3944 spectare
873 3865 985 3925 decebit
