2760 4448
254 264 317 343 146
566 277 714 327 uacuas
734 276 984 326 Maurarum

251 435 388 497 Ostendit
409 434 527 511 quidem
552 434 673 512 Saycius
692 434 809 494 barrum
830 455 848 494 a
869 435 1051 512 Babylonico
1070 435 1217 495 uocabulo
1238 435 1305 494 beru

251 535 312 594 siue
326 533 479 610 elephante
494 534 612 592 ductum
627 553 709 606 esse3
740 535 769 592 id
782 535 900 610 nigrum
914 534 1056 612 significet
1070 553 1173 606 necne,
1188 536 1305 594 nescio:

252 633 305 692 sed
329 641 358 690 et
383 631 523 691 Horatius
549 634 644 708 urgeres
671 633 769 690 barris
796 633 888 710 potuit
916 634 956 691 sic
984 633 1170 709 coniungere,
1196 644 1230 691 ut
1254 651 1307 708 per

251 729 401 807 epitheton
420 730 480 787 uim
500 731 657 789 declararet
671 732 806 802 nominis,
821 731 1071 808 quemadmodum
1086 731 1218 789 Catullus
1232 733 1306 789 altas

251 829 346 905 Alpes,
374 830 468 903 regali
483 848 570 904 gaza,
593 829 754 887 Columella
778 831 946 887 e'rumartales
970 831 1120 887 amaranti
1136 846 1164 888 x.
1189 844 1256 903 175,
1278 838 1306 887 et

248 928 369 985 mirifice
394 927 451 985 huc
479 927 624 1002 quadrant
651 929 740 986 uerba
768 928 901 998 Acronis,
926 929 1021 1003 urgeres
1045 934 1115 985 certe
1138 927 1224 985 Indis
1248 931 1307 984 seiae

252 1025 374 1084 Maure‘s
397 1027 451 1101 qui
467 1027 552 1102 nigri
567 1032 636 1083 sunt
654 1033 680 1083 et
690 1027 790 1102 periti.
842 1027 911 1084 Hoc
934 1027 1056 1084 sirecte
1080 1027 1217 1098 diuinam,
1244 1027 1307 1084 uult

251 1135 340 1201 poeta
355 1123 489 1200 ‘elephas
504 1143 611 1183 nornen
626 1143 644 1182 a
659 1124 755 1183 colore
770 1123 868 1182 Mauri
881 1123 977 1182 uultus
991 1123 1087 1197 hahet,
1101 1135 1130 1183 et
1144 1125 1308 1202 appellatur

251 1225 352 1282 barrus
367 1222 448 1298 quod
461 1234 492 1280 ut
507 1221 604 1281 Mauri
619 1223 700 1298 niger
713 1223 774 1282 est!

293 1321 341 1378 An
350 1321 419 1380 latet
430 1320 536 1380 Maura
550 1322 637 1380 arbor
651 1321 710 1380 siue
725 1323 813 1380 citrus
828 1321 864 1380 de
879 1340 938 1397 qua
952 1321 1176 1398 pretiosissimae
1185 1340 1307 1381 mensae

252 1419 380 1479 fiebant?
422 1419 493 1477 Luc.
514 1420 553 1477 ix.
576 1422 634 1491 426
655 1418 816 1478 Maurusia
837 1421 947 1492 robora,
963 1419 1038 1480 Plin.
1060 1419 1101 1479 H.
1123 1419 1163 1478 N.
1184 1420 1243 1479 xiii.
1266 1440 1303 1495 91

251 1516 363 1575 Mauri
383 1519 483 1593 quibus
507 1520 647 1594 pluruma
678 1519 765 1576 arbor
788 1521 859 1576 citri
879 1525 906 1576 et
928 1537 1086 1576 mensarum
1111 1520 1238 1590 eurania,
1267 1535 1305 1593 95

252 1615 433 1674 Ancorarius
443 1635 521 1674 mous
531 1624 648 1674 uocatur
658 1615 1007 1674 citeriorisMauretaneae
1016 1618 1069 1692 qui
1079 1618 1306 1674 laudatissimam

252 1715 327 1770 dedit
345 1715 454 1786 cetrum,
471 1734 546 1787 uuna
565 1715 728 1785 exhaustus,
752 1713 839 1774 Mart.
854 1715 911 1773 xirr.
927 1717 975 1788 89.
991 1734 1003 1771 1
1020 1715 1169 1772 Atlantica
1190 1734 1307 1772 munera

254 1814 352 1882 saluas,
367 1813 422 1870 xiv.
437 1830 485 1887 90.
503 1832 515 1870 1
533 1814 622 1870 siluae
627 1814 698 1889 filia
713 1812 850 1885 Maurae,
865 1813 914 1871 xii.
930 1816 978 1871 66.
995 1816 1012 1871 6
1027 1812 1222 1873 Maurusiaci
1231 1815 1307 1871 citri.

254 1909 299 1968 cf.
325 1929 402 1987 quae
423 1912 571 1988 congessit
592 1909 699 1987 Mayor
719 1911 757 1970 ad
781 1911 882 1970 quen.
904 1911 922 1970 i.
944 1923 1011 1986 137.
1052 1910 1140 1970 Certe
1162 1912 1188 1970 si
1208 1911 1307 1971 locum

253 2009 294 2066 sic
310 2009 436 2086 refingas
838 1998 841 2003 ¹

708 2117 738 2166 et
761 2107 858 2166 Mauri
880 2109 969 2167 citrea
990 2127 1100 2167 nornen

377 2203 446 2265 Oris
465 2203 553 2265 habet
573 2206 747 2283 titulumque
768 2226 822 2266 suo
843 2207 898 2266 fert
919 2208 984 2284 ipsa
1004 2208 1102 2267 colore

253 2335 395 2393 sententia
414 2334 519 2393 euadet
538 2335 607 2393 satis
625 2335 733 2393 idonea
751 2334 840 2395 haec:
863 2334 1063 2394 Mauretaniae
1085 2333 1213 2412 populus
1235 2352 1307 2394 corr-

253 2434 336 2491 color
349 2442 393 2491 est
407 2433 480 2490 citro
499 2451 561 2503 suo,
576 2451 651 2508 quae
668 2434 755 2491 arhor
772 2432 877 2492 Maura
897 2433 1058 2510 appellatur
1077 2433 1146 2510 quia
1165 2433 1307 2509 subnigro

253 2531 351 2589 colore
373 2540 417 2588 est
438 2540 579 2606 tanquam
604 2530 690 2589 mulsi
713 2528 800 2609 (Plin.
822 2532 879 2590 xiii.
902 2530 954 2611 97)
978 2536 1013 2589 ‘a
1034 2550 1125 2590 warm
1147 2531 1252 2590 brown
1277 2529 1310 2590 of

254 2629 388 2687 different
402 2626 523 2687 shades'
538 2627 635 2687 Aiken
657 2647 697 2688 on
718 2629 897 2688 omamental
912 2630 1013 2689 woods
1034 2649 1084 2706 pp.
1101 2649 1138 2704 23
1161 2647 1244 2706 sqq:
1271 2629 1307 2687 cs.

255 2727 342 2786 Mart.
370 2728 426 2786 xiv.
458 2741 513 2803 127
552 2729 664 2786 turbata
694 2728 842 2788 Canusina
873 2731 1018 2786 simillima
1046 2730 1134 2786 mulsa
1162 2728 1244 2806 quod
1273 2729 1308 2786 de

254 2826 385 2902 paenulis
405 2825 493 2884 fuscis
515 2826 625 2885 dicitur.
666 2827 705 2884 Et
726 2828 812 2884 citrea
832 2836 911 2885 extat
933 2827 1011 2904 apud
1031 2827 1159 2885 eundem
1181 2826 1308 2885 Plinium

257 2925 312 2982 xvi.
331 2939 385 2998 107
401 2926 502 2981 citreae
515 2931 542 2981 et
553 2925 698 3000 iuniperus
711 2931 738 2982 et
749 2927 818 2984 ilex.

295 3037 349 3098 IV.
367 3052 435 3114 739,
453 3054 511 3114 740
527 3039 567 3098 sic
582 3049 682 3098 extant
696 3040 726 3097 in
741 3039 858 3098 Gembl.

376 3161 516 3222 Diuersas
537 3165 683 3240 pecudum
704 3164 793 3224 facies
813 3165 1004 3241 propriasque
1025 3164 1155 3224 serarum

376 3260 416 3319 Et
436 3261 543 3338 duplici
564 3281 667 3321 causas
688 3262 877 3339 elephantum
898 3281 1013 3322 carcere
1035 3273 1136 3334 terrae,

254 3384 368 3443 clausas
390 3383 474 3444 Voss.1
503 3404 605 3444 causas
627 3384 712 3445 Voss.²
729 3385 798 3446 cus.
827 3385 1015 3463 elephantum
1037 3384 1123 3446 Vasa.1
1152 3386 1310 3447 elefantum

258 3483 325 3543 Cur.
353 3483 491 3542 elefantes
514 3483 599 3542 Voss.²
626 3493 716 3543 terras
739 3483 824 3544 Voss.¹
842 3485 909 3545 Cus.

299 3581 436 3659 Suspicor
445 3583 631 3641 scribendum
644 3585 741 3641 caulas
754 3603 808 3660 pro
819 3603 929 3641 causas.
950 3583 1022 3642 Vult
1037 3594 1126 3660 poeta
1140 3583 1310 3660 elephantus

256 3680 373 3738 nonnisi
384 3681 496 3739 duabus
507 3681 586 3740 orbis
601 3690 741 3739 terrarum
752 3682 883 3757 partibus
895 3681 993 3740 caulas
1008 3700 1074 3742 suas
1083 3682 1198 3754 habere,
1205 3684 1311 3760 quibus

256 3787 397 3853 tanquam
411 3798 448 3837 ex
462 3780 593 3855 quodam
607 3798 721 3838 carcere
736 3781 814 3839 exire
830 3798 881 3839 eos
896 3791 999 3839 natura
1012 3782 1144 3840 uetuerit.
1186 3781 1222 3840 C.
1237 3782 1262 3840 I.
1276 3781 1310 3842 L.

257 3877 292 3933 vi.
309 3880 367 3948 460
382 3879 492 3954 regnum
508 3877 615 3949 Liberi,
634 3878 722 3936 basim
744 3880 843 3937 caulas
858 3876 943 3957 (lapis
964 3878 1087 3960 catenas),
1103 3897 1191 3957 quem
1212 3879 1329 3939 locum'
