2760 4448
605 296 627 347 V
1073 299 1135 366 179

88 473 211 531 mergere
230 475 290 516 non
312 458 473 534 appositiue
494 458 624 518 subnecti
646 460 813 519 accusatiuo
834 467 917 533 artes,
941 460 992 519 sed
1013 476 1049 519 ex
1072 460 1136 537 ipso

87 554 226 630 primario
240 557 330 615 uerbo
344 556 498 632 Ingenerat
510 559 645 633 quamuis
659 560 814 617 remotiore
828 559 964 636 pendere.

100 637 107 647 ⁸
129 652 166 708 V.
184 672 240 729 ²99
256 671 318 730 sqq.
334 655 374 713 sie
389 664 487 712 extant
502 655 531 712 in
546 654 663 716 Gembl.

211 767 300 840 Quod
321 770 408 828 totius
428 771 534 829 tecicro
556 771 685 830 dederim
705 772 823 831 sidusue
843 774 1000 850 genusne?
1098 791 1100 794 ·

130 883 190 939 300
211 866 296 926 Teue
316 867 486 944 philoctetae
507 870 553 927 cui
574 869 683 928 mallim
705 871 821 930 credere
842 872 936 948 parti?

212 965 350 1024 Hectoris
370 966 416 1025 ille
436 966 515 1026 laces
536 986 604 1027 arcu
625 969 740 1045 teloque
761 969 872 1045 fugauit

212 1062 405 1142 Mittebatque
426 1083 495 1126 suos
517 1066 600 1143 ignes
621 1078 650 1126 et
671 1068 748 1126 mille
770 1068 875 1126 carinis

212 1162 272 1221 Hic
293 1171 388 1222 ortam
409 1163 575 1240 pharetram
596 1165 686 1225 troiae
708 1167 874 1243 bellumque
895 1169 1015 1242 gerebat

216 1259 313 1320 Maior
334 1272 363 1321 et
384 1263 501 1322 armatis
521 1263 610 1322 hostis
631 1264 800 1323 subsederat
821 1265 896 1325 exul.

132 1405 189 1461 299
215 1386 302 1445 totius
331 1383 418 1445 Voss.²
438 1396 533 1445 totum
561 1385 646 1444 Voss.l
668 1387 713 1445 be
737 1388 833 1463 potius
858 1387 988 1464 Scaliger
1029 1388 1137 1446 tecicro

97 1483 184 1544 resse
200 1485 277 1543 circo
294 1482 377 1542 Vess.¹
389 1494 488 1542 teucro
503 1485 544 1542 be
558 1486 597 1544 ed.
613 1484 697 1542 Rem.
712 1501 799 1560 1510.
831 1505 886 1561 301
905 1505 974 1546 arcu
988 1487 1137 1560 telumque
1192 1557 1193 1562 η

96 1584 184 1643 Vossr
199 1601 284 1641 arcus
301 1593 330 1641 et
350 1582 407 1641 tela
430 1581 509 1660 (tella
528 1583 556 1661 e)
578 1582 645 1641 Cus.
669 1583 752 1642 Vess.¹
770 1585 817 1644 be.
862 1604 918 1660 302
943 1587 1138 1661 interpolatum

88 1683 208 1739 eredidit
218 1680 369 1740 Bentleeies.
403 1699 461 1757 303
477 1687 570 1740 ortam
585 1681 750 1758 pharetram
769 1682 855 1741 Vess.¹
870 1683 937 1742 Cus.
949 1695 1053 1742 ortam
1066 1682 1138 1758 pha-

88 1793 165 1839 retro
184 1777 271 1838 Voss.²
285 1789 380 1837 autem
397 1780 559 1856 pharetram
575 1779 614 1837 be
628 1780 687 1838 Hic
702 1790 810 1839 sortem
824 1781 958 1858 pharetra
972 1781 1124 1840 Bentleeies.

129 1898 157 1937 u.
171 1897 239 1954 302,
251 1880 276 1936 si
290 1877 380 1936 modo
394 1878 502 1937 nothus
516 1897 577 1937 non
592 1888 644 1950 est,
656 1879 741 1937 ualde
754 1880 945 1956 deprauatum
961 1880 1138 1951 tradiderunt

89 1978 214 2049 codices,
224 1996 279 2036 nec
289 1977 412 2034 multum
423 1978 549 2054 Iacobus
557 1977 662 2053 profuit
672 1979 843 2054 corrigendo
849 1978 1139 2053 MoenibusArgrire's.

90 2075 197 2135 Melius
209 2075 338 2152 Scaliger
347 2076 498 2151 scripserat
507 2075 640 2134 terrebar
647 2079 762 2151 quium,
772 2079 867 2159 igneis,
878 2063 907 2134 ire
917 2079 990 2136 mille
998 2079 1115 2136 cerritus
1123 2097 1139 2143 ,⁰

89 2175 141 2233 sed
155 2193 192 2233 ne
205 2174 261 2234 hoc
275 2175 395 2251 quidem
413 2193 430 2231 a
445 2174 576 2232 Manilio.
619 2173 754 2232 Fortasse
769 2175 860 2233 fuerat

212 2272 347 2332 Mittebat
368 2291 454 2332 seuos
475 2271 604 2352 (saeuos)
627 2273 709 2349 ignes
730 2275 780 2350 qui
803 2273 881 2332 mille
902 2273 1006 2332 carinis

89 2372 136 2431 uel

213 2469 272 2542 Qui
294 2487 380 2528 seuos
400 2469 483 2545 ignes
505 2469 638 2528 mittebat
659 2469 738 2528 mille
758 2470 871 2529 carinis.

130 2593 253 2653 Dixerat
269 2593 391 2669 Ulysses
413 2592 491 2668 apud
513 2592 654 2652 Ouidium
676 2604 777 2653 contra
797 2593 918 2652 Aiacem
940 2593 1139 2653 sermocinans

90 2693 162 2752 Met.
188 2693 247 2751 xiii.
273 2706 327 2766 177
358 2692 442 2767 thue
462 2693 534 2750 elr‘es
558 2699 671 2764 taceare,
695 2695 748 2768 qui
768 2711 882 2750 saeuum
907 2692 1024 2766 perdere
1048 2698 1143 2768 posset

81 2793 215 2850 -Hectera
246 2799 338 2866 nempe
365 2791 433 2860 dedi,
462 2801 490 2848 et
518 2809 588 2849 mox
622 2794 677 2848 182
707 2792 868 2867 Aulidaque
895 2789 1048 2847 Euber'cam
1077 2811 1139 2846 een-

86 2895 203 2967 plerunt
228 2891 300 2948 mille
323 2890 447 2947 care'reee.
494 2888 580 2947 Certe
605 2889 642 2947 ad
669 2890 809 2960 Hectora,
835 2906 896 2946 non
920 2889 957 2946 ad
981 2888 1139 2960 Teucrum,

91 2989 291 3065 imperfectum
313 2988 436 3046 mittebat
455 2986 637 3046 referendum
658 3006 771 3046 censeo.
815 2985 900 3044 Pont.
920 2987 956 3044 iv.
981 3002 1006 3061 7.
1028 3006 1076 3059 41.
1101 3006 1137 3056 42

94 3088 125 3145 T
119 3088 175 3146 alis
189 3088 267 3163 apud
280 3086 396 3144 Troiam
411 3084 528 3144 Danais
542 3095 599 3160 pro
616 3085 737 3143 neur'bus
751 3085 838 3143 Aiax
852 3083 972 3144 Dicitur
987 3084 1141 3143 Hectoreas

90 3188 256 3245 sustinuisse
263 3187 359 3263 faces.

132 3285 227 3345 Totus
248 3285 332 3343 locus
354 3284 395 3343 sic
416 3283 529 3343 euadit:

213 3399 305 3472 Quod
326 3399 421 3476 potius
442 3399 561 3457 Teucro
583 3397 712 3456 dederim
734 3397 851 3456 sidusue
872 3398 1024 3474 genusuel

214 3499 308 3570 Teue,
330 3497 498 3568 Philoctete,
521 3497 567 3555 cui
588 3497 687 3554 malim
709 3496 827 3555 eredere
850 3498 941 3571 parti?

119 3587 148 3649 .”
215 3596 352 3656 Hectoris
373 3596 421 3655 ille
442 3595 521 3654 laces
542 3613 611 3654 arcu
633 3594 749 3671 teloque
770 3595 888 3669 fugauit,

214 3695 349 3754 Mittebat
370 3712 474 3753 saeuos
495 3694 577 3769 ignes
599 3693 648 3769 qui
670 3693 746 3750 mille
768 3694 881 3750 carinis.

215 3793 275 3852 Hic
296 3801 404 3852 sortem
425 3794 558 3868 pharetra
579 3792 688 3850 Troiae
711 3791 876 3866 bellumque
898 3792 1026 3865 gerebat,

216 3891 315 3952 Maior
334 3901 362 3950 et
383 3891 501 3950 armatis
522 3891 613 3949 hostis
634 3890 802 3948 subsederat
824 3889 899 3948 exul.

591 4009 610 4049 u
627 4008 641 4048 e
