2760 4448
609 285 636 340 t!

134 446 171 510 V.
188 452 246 526 487
262 466 326 527 sqq.
341 447 383 509 sic
397 458 496 508 extant
510 447 541 507 in
555 447 671 508 Gembl.

215 548 304 608 Nunc
327 547 440 626 aquilae
462 547 542 606 sidus
562 547 685 607 referam
706 563 781 624 quae
801 554 883 625 parte
905 544 1019 607 sinistra

216 645 363 707 Portantis
383 645 496 705 iuuenis
517 664 593 723 quae
614 646 696 706 terris
717 646 829 705 sustulit
849 645 913 723 ipsa
934 693 937 699 .

216 745 319 806 Fertur
338 755 367 805 et
387 745 513 804 externis
534 745 675 822 praedam
695 744 887 804 circumuolat
907 749 924 815 l
944 743 1000 804 alis

137 863 196 921 490
217 842 352 903 Fulmina
372 843 463 904 missa
482 843 569 904 refert
588 853 617 903 et
638 843 720 902 caelo
741 843 844 902 militat
865 843 927 902 alis.

1052 938 1066 973 1'

135 990 186 1052 Hi
195 1010 294 1052 uersus
306 989 411 1050 absunt
420 1009 440 1049 a
461 986 548 1050 Voss.¹
589 993 647 1065 488
664 989 802 1049 Rorantis
821 987 907 1050 Voss.¹
921 988 988 1049 Cur.
1003 988 1143 1063 Rotantis

94 1092 177 1169 Lz'ps.
220 1107 308 1168 quem
337 1088 421 1148 Voss.1
446 1088 514 1149 Cur.
537 1089 658 1161 sustulit,
684 1089 747 1166 ipsa
773 1087 927 1148 Molint'us.
979 1092 1037 1164 489
1059 1089 1143 1149 Fort.

95 1187 228 1250 aeternis
261 1188 351 1247 ‘Post
370 1207 428 1248 uoc.
443 1187 635 1248 circumuolat
655 1207 714 1245 una
734 1188 797 1259 litt,
813 1192 846 1246 ul
865 1188 984 1259 uidetur,
998 1206 1084 1247 erasa
1104 1194 1146 1247 cst

973 1284 1021 1334 alis

95 1349 188 1432 (sort.
204 1351 453 1431 scrz‘ptumfueral
469 1349 658 1411 circumuolat
676 1346 769 1428 talis)'
788 1349 955 1409 Thomast‘us
973 1351 1058 1411 astris
1074 1351 1143 1413 Cur.

95 1451 178 1510 astris
194 1447 280 1512 Voss.1
288 1449 411 1511 extentis
425 1450 477 1508 alis
490 1447 633 1508 Molim'us
643 1467 721 1525 quem
735 1449 819 1526 uulgo
832 1456 971 1509 secuntur.
1007 1468 1067 1525 490
1080 1450 1143 1510 ales

95 1548 247 1609 Molz'ttius.
524 1612 526 1617 ,
809 1545 812 1551 ’

136 1647 248 1707 Vitium
258 1637 346 1707 'traxit
360 1643 408 1705 hic
423 1643 548 1717 Gembl.,
566 1662 637 1704 nam
656 1664 711 1705 nec
728 1645 882 1705 Portantt's
902 1663 959 1706 nec
979 1665 1049 1724 quoe
1062 1657 1143 1708 recte

95 1745 229 1806 tradidit:
262 1764 333 1805 uera
360 1754 428 1804 sunt
450 1743 604 1816 Roranlri,
631 1762 728 1821 quent:
759 1744 919 1822 Aquarium
948 1746 1017 1805 dicit
1044 1755 1143 1823 poeta.

98 1844 163 1904 Nec
183 1862 254 1904 uero
274 1845 305 1902 in
327 1847 386 1919 489
401 1852 479 1902 recte
499 1843 637 1902 traditum
656 1854 700 1902 est
720 1844 750 1901 in
764 1842 880 1903 Gembl.
896 1846 1023 1904 externis
1043 1845 1061 1920 s
1079 1846 1144 1917 alr's,

97 1943 122 2003 si
135 1943 252 2021 quidem
267 1961 327 2018 490
341 1941 419 2000 idem
432 1941 607 2000 uocabulum
617 1942 674 2001 alis
688 1942 811 2001 claudit:
833 1942 907 2001 adde
922 1943 1003 2020 quod
1016 1945 1144 2003 externis

96 2044 153 2101 alis
177 2044 265 2101 se'nsu
289 2048 375 2112 caret,
409 2039 544 2099 hesterm's
574 2040 624 2100 uix
652 2050 718 2119 apte
746 2041 849 2100 dicitur
869 2041 905 2100 de
930 2060 963 2100 re
991 2059 1067 2118 quae
1095 2041 1144 2100 diu

98 2151 165 2200 ante
179 2150 245 2199 acta
259 2139 359 2198 luerat
403 2137 595 2198 Scribeudum
609 2150 680 2216 puto
702 2140 823 2199 aeternis
836 2140 932 2211 astrei,
947 2139 1004 2199 hoc
1026 2139 1145 2216 quidem

97 2258 134 2299 ex
146 2237 242 2299 Voss.¹
254 2247 283 2297 et
293 2237 432 2298 Cusauo:
448 2239 567 2296 aelerm's
577 2239 736 2315 opponitur
746 2238 870 2314 tempori
880 2256 939 2314 quo
951 2237 1145 2315 Ganymeden

98 2338 220 2417 aquilae
229 2347 305 2396 terra
314 2347 464 2414 rapuerat;
480 2335 532 2395 fuit
544 2335 663 2408 facinus
676 2346 776 2395 manet
785 2335 919 2396 facinoris
929 2336 1144 2395 monimentum

98 2437 129 2495 in
143 2435 233 2496 astris.
276 2435 325 2494 Sic
345 2435 382 2494 de
404 2434 525 2512 Capella
545 2431 685 2494 Manilius
706 2435 729 2495 Ι.
753 2439 811 2511 369
831 2434 921 2493 Hanc
940 2454 1006 2510 ergo
1026 2436 1147 2494 aeternat·

98 2536 194 2594 ntertio
217 2534 347 2594 sacrauit
368 2535 399 2592 r'n
426 2537 515 2592 astris
538 2530 675 2611 Iuppiter.
716 2533 756 2592 II.
780 2537 818 2609 83
847 2533 940 2591 Ducit
964 2533 1000 2592 ab
1027 2535 1146 2592 aeternis

98 2640 210 2693 terrena
237 2633 377 2691 animalia
399 2632 500 2709 sz'gmt
534 2631 700 2692 Praeiuerat
720 2630 829 2692 Aratus
849 2631 886 2690 de
908 2630 1023 2709 Lepore
1045 2631 1145 2691 dicens

100 2735 159 2808 338
177 2735 282 2806 Λαγωὸς
297 2730 421 2804 ’Epirote
440 2736 523 2804 ἤματα
536 2733 618 2788 πάντα
638 2733 760 2788 διώκεται.

140 2828 177 2889 V.
195 2841 251 2904 507

220 2926 356 2987 Artifices
377 2926 439 2986 auri
459 2925 553 3000 faciet,
574 2926 623 3006 qui
639 2925 720 2989 ,mille
741 2927 839 3004 figuris

221 3024 343 3085 Vertere
363 3044 440 3102 opus
460 3026 572 3104 possint
592 3027 756 3102 icarnique
778 3025 928 3103 adquirere
949 3027 1050 3087 dotem

221 3120 362 3183 Materiae
382 3134 412 3183 et
431 3124 562 3201 lapidum
582 3125 665 3184 uiuos
686 3124 808 3184 miscere
829 3123 950 3184 colores.

99 3222 245 3283 Codicum
265 3222 436 3299 scripturam
461 3223 503 3282 sic
524 3223 713 3299 interpretor:
746 3222 783 3280 ad
803 3240 922 3282 carnem
943 3219 1147 3281 adornandam

99 3321 262 3381 adsciscere
281 3323 414 3380 materiae
430 3319 624 3399 (gemmarum
643 3321 692 3378 uel
710 3319 785 3400 auri)
800 3323 894 3392 dotem,
908 3321 937 3379 h.
945 3340 971 3380 e.
986 3339 1073 3397 opem
1089 3338 1148 3397 qua

100 3420 195 3496 magis
208 3420 330 3497 placeat.
358 3419 453 3478 Erunt
463 3421 512 3498 qui
524 3418 689 3479 Marklandi
702 3419 865 3498 praeferant
879 3419 1146 3496 interpretationem

100 3520 249 3596 carnisque
273 3519 431 3590 scribentis,
455 3537 495 3578 sc.
517 3519 654 3578 materiae
678 3518 757 3577 unde
781 3527 892 3577 statuae
917 3518 991 3575 fiunt
1014 3518 1148 3577 uirtutem

100 3618 196 3676 carnis
209 3616 326 3689 addere,
340 3625 372 3675 ut
391 3635 512 3676 carneae
532 3635 566 3676 ac
586 3617 680 3688 uiuae,
696 3634 758 3675 non
779 3616 892 3692 ligneae
905 3615 953 3674 uel
967 3632 1149 3674 marmoreae

100 3716 262 3774 uideantur.
304 3714 384 3774 Nihil
399 3715 488 3776 habet
501 3734 561 3793 quo
580 3715 802 3774 commendetur
815 3714 851 3772 de
867 3713 965 3790 Rooyi
981 3715 1148 3773 coniectura

99 3817 225 3893 oririque
245 3812 394 3894 (Spicile'g.
415 3834 444 3893 p.
469 3811 552 3893 107):
584 3814 687 3874 melius
711 3814 838 3874 Iacobus
865 3823 894 3871 et
922 3822 989 3872 ante
1013 3803 1147 3871 eum'uir

102 3916 205 3976 doctus
218 3915 249 3973 in
263 3913 349 3974 Misc.
365 3914 518 3975 Obseruat.
533 3912 612 3974 Nou.
626 3900 687 3991 isp.
707 3925 762 3988 117
778 3911 912 3987 ternique.
1145 3901 1148 3907 ’
