2760 4448
167 297 204 360 18
471 307 619 359 macras
639 307 893 359 mammarium

163 484 315 548 Phaethon
329 504 434 563 cupere
449 486 541 546 modo
554 505 615 546 non
629 487 740 547 maiora
754 496 874 565 parente
885 504 939 546 suo
952 483 1029 560 Sole,
1041 485 1070 552 h.
1080 506 1106 549 e.
1117 505 1216 565 paene

162 587 238 646 ultra
253 585 323 646 solis
336 585 546 662 aurigationem
560 586 716 663 adspirare.

204 685 228 744 I.
245 688 302 760 746

285 782 363 842 Cum
382 800 460 859 uaga
480 782 601 860 dispersi
621 782 767 842 fluitarunt
789 781 901 842 lumina
922 801 1024 844 currus

284 880 324 940 Et
344 880 457 940 caelum
477 891 611 941 exustum
632 890 684 942 est.

204 978 261 1039 Pro
288 980 387 1056 inepto
415 979 464 1038 illo
492 980 600 1038 lumina
627 997 740 1056 repono
767 998 892 1038 munera.
948 978 1099 1040 Phaethon
1133 979 1215 1038 enirn

162 1087 300 1155 paternos
318 1095 418 1137 currus
432 1086 571 1155 tanquam
589 1095 695 1136 munus
713 1088 874 1154 acceperat.
909 1076 1216 1155 Bentleianumfrag-

163 1179 240 1236 mina
254 1177 340 1236 nimis
354 1176 463 1236 recedit
477 1195 495 1235 a
509 1176 632 1237 lectione
647 1177 793 1237 codicum.

204 1275 228 1336 1·
246 1290 304 1351 750
317 1293 381 1353 sqq·

285 1373 348 1432 Nec
369 1373 439 1432 mihi
461 1371 585 1432 celanda
608 1381 651 1432 est
672 1372 767 1433 famae
788 1373 908 1450 uulgata
929 1382 1059 1432 uetustas

285 1470 422 1544 Mollior;
444 1490 461 1530 e
483 1472 569 1531 niueo
591 1471 672 1530 lactis
692 1471 810 1530 fluxisse
831 1471 974 1548 liquorem

285 1571 406 1630 Pectore
428 1570 545 1646 reginae
567 1570 675 1644 diuum,
698 1569 871 1648 caelumque
892 1569 991 1629 colore

285 1663 423 1724 infecisse
446 1681 509 1723 suo.

164 1763 296 1823 Seruauit
323 1762 395 1822 haec
420 1762 546 1821 Iacobus
574 1762 615 1823 sic
643 1773 675 1822 ut
701 1761 732 1820 in
762 1761 846 1821 codd.
870 1760 1014 1838 leguntur,
1042 1779 1215 1839 quanquam

163 1881 223 1922 non
237 1860 339 1920 iniuria
353 1860 467 1920 uidetur
477 1858 627 1920 Bentleius
641 1879 695 1937 pro
709 1870 840 1920 monstro
854 1860 989 1919 habuisse
1004 1860 1073 1919 illud
1082 1859 1215 1920 Mollior.

163 1961 259 2020 Credo
281 1978 432 2020 nomionis
459 1976 495 2018 ex
523 1977 686 2019 morianna
713 1959 904 2036 deprauatum
929 1977 1012 2018 esse:
1045 1959 1111 2035 quis
1132 1960 1213 2019 enim

161 2060 252 2119 nescit
282 2058 493 2117 mollitudinem
524 2058 805 2134 teneritudinemque
830 2053 930 2135 (Prud.
952 2056 1086 2117 Cathem.
1112 2057 1150 2116 iii.
1174 2072 1214 2133 70

160 2158 224 2217 Lac
237 2165 357 2216 teneram
372 2157 516 2233 premitur
532 2153 653 2235 calamo)
667 2156 769 2215 lactis?
811 2154 910 2214 Schol.
925 2154 1006 2215 Arat.
1021 2154 1132 2214 Phaen.
1153 2157 1214 2229 464

161 2256 284 2317 Bekker.
298 2255 485 2330 Ἐρατοσθένης
501 2255 531 2311 δι’
546 2259 623 2328 φησι,
639 2256 748 2326 μυθικῶς
762 2255 839 2310 αὐτὸν
852 2252 1025 2328 διηγούμενος,
1040 2256 1090 2311 ὑπὸ
1108 2259 1155 2311 τοῦ
1168 2258 1215 2326 τῆς

157 2355 242 2428 Ἥρας
255 2357 382 2431 γάλακτος
394 2354 548 2428 γεγενῆσθαι
561 2354 719 2424 ἐκχυθέντος·
738 2356 832 2424 ἤκουσε
851 2353 902 2427 γὰρ
920 2354 990 2427 πορθ
1002 2357 1049 2409 τοῦ
1061 2353 1159 2426 Ἐρροῦ
1173 2353 1215 2409 ὅτι

161 2457 207 2511 οὐκ
220 2453 285 2512 ἴδιός
298 2455 365 2522 ἐστι,
379 2452 429 2511 ubi
444 2449 650 2527 corrigendum
665 2460 708 2510 est
723 2453 782 2525 aspi
799 2454 845 2506 τοῦ
858 2449 1016 2524 Ἡρακλέους
1028 2451 1068 2508 ὅτι
1089 2453 1136 2507 οὐκ
1149 2451 1216 2510 ἴδιός

162 2553 227 2621 ἐστι,
242 2561 274 2610 ut
291 2568 328 2609 ex
352 2549 446 2609 Schol.
460 2548 628 2609 Germanici
642 2549 818 2608 Arateorum
832 2558 954 2625 apparet
967 2567 996 2625 p.
1017 2566 1074 2621 104
1089 2547 1215 2625 Breysig

165 2648 327 2706 Oslendz'lur
347 2654 435 2706 aulem
456 2667 530 2706 unus
550 2648 623 2705 inler
642 2648 762 2706 circulor
787 2647 864 2717 caeli,
887 2647 939 2722 qui
959 2647 1061 2704 lacteus
1085 2653 1214 2719 uocatur,

161 2747 236 2822 quod
246 2746 318 2805 albis
331 2746 449 2804 nubz'bus
463 2746 601 2804 denotetur
608 2746 741 2804 circuitus
754 2747 821 2817 eriis,
832 2744 906 2821 quod
916 2743 990 2802 Iuno
999 2742 1067 2824 (lac)
1079 2746 1215 2804 mamillis

161 2845 289 2924 effudisse
301 2844 414 2915 dicitur,
429 2863 491 2902 cum
505 2844 629 2902 audisset
641 2843 790 2902 Herculem
803 2863 885 2902 suum
892 2843 992 2920 filium
1006 2863 1060 2902 nan
1074 2862 1137 2903 esse.

203 2943 227 3002 I.
245 2955 384 3018 755-757
400 2941 441 3001 sic
456 2952 555 3002 extant
569 2943 600 3000 in
615 2941 732 3001 Gembl.

283 3040 333 3098 An
354 3040 448 3099 maior
470 3040 561 3100 densa
583 3039 729 3099 stellarum
751 3041 835 3098 turba
856 3057 966 3099 corona

284 3137 430 3197 Conuenit
451 3138 585 3197 flammas
607 3147 635 3197 et
656 3156 756 3198 crasso
777 3137 887 3196 lumine
908 3136 1013 3197 candet

285 3235 325 3296 Et
345 3237 457 3313 fulgore
479 3237 551 3295 nitet
572 3237 679 3297 collato
701 3236 803 3296 clarior
824 3237 922 3295 orbis?

205 3348 262 3411 755
285 3335 387 3394 densat
411 3335 542 3394 Varciani
559 3342 586 3393 el
608 3334 748 3394 Caranus.
793 3338 850 3409 756
873 3333 1011 3394 Contexit
1034 3333 1167 3393 Varciani
1188 3340 1218 3394 el

163 3434 232 3496 Cas.
262 3431 303 3514 et]
320 3434 356 3493 de
373 3434 509 3493 Vassiani.
553 3446 609 3508 757
626 3434 739 3494 caelato
753 3433 871 3493 Iacobus
884 3453 923 3493 ex
941 3433 1091 3492 Vossrami.

164 3532 308 3594 Canuexil
329 3550 398 3592 sane
420 3531 536 3592 Gembl.
561 3533 613 3593 sed
636 3533 685 3590 nix
710 3542 795 3605 recte,
823 3550 892 3593 curn
921 3532 957 3591 de
987 3532 1124 3590 oneribus
1156 3530 1215 3591 fre·

161 3642 315 3709 quentetur
339 3632 533 3691 uocabulum:
562 3632 656 3708 aptius
680 3631 719 3690 ad
743 3632 784 3690 rei
811 3631 951 3691 fabricam
975 3632 1116 3690 contexit:
1142 3648 1215 3690 nam

161 3732 274 3789 conexit
289 3748 383 3807 paene
400 3731 562 3802 barbarum,
582 3730 714 3808 quamuis
735 3730 765 3788 id
783 3729 899 3788 Catullo
918 3729 983 3788 lxiv.
1003 3748 1061 3805 339
1082 3728 1215 3788 tribuerit

163 3825 379 3900 Lachmannus‚
400 3831 510 3888 nexisti
526 3828 687 3888 Diomedes
710 3830 768 3904 369
785 3828 852 3886 Keil
872 3828 902 3885 in
920 3827 1049 3904 Propert.
1065 3827 1103 3886 iii.
1121 3829 1148 3886 8.
1164 3842 1214 3903 37,

161 3928 246 3984 nexit
270 3926 434 3988 Priscianus
464 3941 523 4002 470
552 3926 619 3987 Keil
648 3927 726 4004 apud
754 3926 898 3986 Lucilium
926 3927 1077 3986 uideantur
1099 3925 1214 4003 legisse.
