2760 4448
684 283 709 336 ν
1155 270 1217 353 187

167 454 245 515 quae
260 457 324 514 rege
336 440 383 496 uel
394 456 448 496 uno
462 435 549 497 etiam
564 436 587 496 si
602 435 673 496 alter
686 445 800 496 tantum
816 454 928 514 regum,
940 434 1001 496 siue
1011 433 1218 513 Agamemnon

165 537 228 594 siue
250 534 415 607 Menelaus,
436 535 466 593 in
487 535 631 595 rationem
652 536 775 607 ueniret,
791 537 925 613 princeps
945 542 1005 593 erat
1027 534 1217 610 principatum

166 634 284 692 tenebat
309 633 433 691 Troiani
450 634 521 693 belli.
564 632 701 692 Ceterum
724 643 791 710 apte
815 633 991 691 illustrantur
1014 631 1120 690 Thebae
1144 633 1219 690 deicis

166 730 271 790 florere
293 730 387 790 dictae
407 731 505 790 uerbis
528 730 680 808 Sophoclis
702 731 779 807 apud
796 728 1010 789 Dicaearchum
1032 730 1064 788 in
1081 727 1218 806 Descrip-

165 830 246 889 tione
267 828 409 888 Graeciae
431 827 511 906 (Gail
525 829 620 905 Geog.
637 828 744 888 Graeci
759 828 833 887 Min.
848 828 876 886 ii.
891 847 920 905 p.
939 823 1008 908 128)
1024 829 1113 899 eitius
1132 829 1218 903 λέγεις

164 953 208 999 μοι
222 931 268 986 τὰς
280 926 392 986 πύλαις1
408 931 585 999 ἑπταστόμους
600 928 638 984 Oi
653 930 684 999 δὴ
697 931 777 1000 μόνον
790 929 919 984 τίκτουσιν
932 929 958 983 αί
972 927 1060 998 θνηταὶ
1074 926 1155 984 θεοὺς.

207 1025 245 1082 V.
262 1038 403 1100 371-374
420 1025 461 1085 sic
476 1035 576 1085 extant
593 1025 622 1083 in
637 1024 754 1084 Gembl.

288 1131 370 1190 Mille
392 1132 481 1192 fluent
503 1143 581 1192 artes
601 1141 651 1191 aut
671 1131 780 1190 bellum
800 1129 926 1191 indicere
948 1131 1060 1191 mundo

286 1229 325 1290 Et
346 1230 461 1289 medios
482 1231 557 1289 inter
577 1231 727 1289 uolucrem
749 1247 886 1306 prensare
908 1241 1021 1289 meatus

352 1329 393 1379 uel
405 1329 472 1378 nidis
494 1329 535 1378 uel
548 1327 667 1378 damnare

286 1395 346 1455 Aut
366 1397 472 1456 nitidos
493 1397 619 1456 clamare
640 1396 699 1455 suis
719 1413 839 1455 ramoue
860 1394 1009 1453 sedentem

759 1492 800 1541 uel
812 1492 907 1542 deicere

287 1558 498 1619 Pascentemue
520 1577 606 1637 super
627 1559 773 1635 surgentia
793 1559 889 1618 dicere
910 1558 987 1616 uina.

206 1687 261 1749 371
290 1673 382 1733 fluunt
412 1672 499 1733 Voss.¹
525 1673 594 1734 Cur.
642 1688 699 1749 372
729 1679 853 1749 pensare
880 1673 947 1734 Cur.
972 1689 1095 1749 pensare
1128 1668 1214 1729 Voss.¹

165 1786 223 1847 373
249 1773 357 1831 nitidos
382 1772 507 1833 clamare
531 1772 600 1834 Cus.
627 1773 760 1832 Vosszizm'
776 1771 894 1832 racione
918 1771 986 1832 Cus.
1030 1784 1089 1847 374
1110 1769 1214 1829 ducere

163 1870 295 1946 Regium.
311 1871 370 1929 lina
385 1869 568 1951 boRegz'om.

205 1968 294 2028 Ortos
316 1971 370 2027 sub
385 1967 475 2028 Olore
491 1969 634 2041 describit,
649 1969 754 2045 quibus
768 1987 854 2029 curae
873 1977 940 2028 sunt
953 1985 1028 2043 quae
1045 1965 1082 2025 ad
1097 1983 1167 2025 aues
1185 1973 1214 2025 et

163 2067 319 2142 aucupium
334 2068 487 2144 pertinent.
529 2086 557 2125 u.
574 2081 632 2142 373
649 2069 784 2125 damnare
799 2067 926 2144 Scaliger
947 2067 1149 2142 interpretatus
1170 2073 1214 2123 est

163 2183 278 2238 exuere,
296 2166 428 2242 spoliare,
443 2165 532 2244 idque
546 2169 634 2224 tuitus
648 2174 742 2224 estex
758 2165 848 2225 Solin.
859 2166 915 2223 xiv.
925 2160 966 2245 (p.
976 2166 1014 2240 69
1030 2162 1214 2242 Mommsen)

162 2263 316 2339 Philippus
329 2263 494 2322 Macedonis
507 2262 621 2340 Magni
625 2270 710 2340 pater
724 2265 873 2322 damnatus
886 2270 926 2322 est
938 2264 1022 2321 oculu.
1061 2260 1109 2319 Sic
1123 2260 1212 2338 scrip·

163 2363 234 2420 sisse
251 2361 404 2420 Manilium
420 2381 479 2422 non
497 2362 600 2433 credo;
623 2380 678 2421 nec
693 2359 814 2420 Bentleii
828 2361 902 2421 coni.
918 2367 1029 2436 captare
1042 2357 1188 2418 satisfacit.

203 2461 250 2518 Ex
264 2459 382 2519 Aristot.
403 2460 443 2520 H.
458 2462 494 2519 Α.
513 2461 550 2519 ix.
568 2478 622 2535 131
645 2463 672 2519 ἐν
692 2463 720 2517 δὲ
741 2456 828 2534 θρᾴκῃ
849 2466 880 2532 τῇ
902 2463 1042 2531 καλουμένῃ
1062 2460 1125 2516 ποτὲ
1146 2461 1212 2513 Κεδ-

161 2564 276 2632 ρειπόλει
289 2561 316 2616 ε’ν
332 2565 367 2636 τῷ
386 2561 441 2616 ἕλει
460 2560 611 2632 θηρεύουσιν
629 2564 653 2616 oi
672 2561 799 2634 ἄνθρωποι
819 2561 852 2615 τὰ
872 2560 969 2632 ὀρνίθια
990 2562 1058 2629 κοινῇ
1078 2560 1142 2630 μετὰ
1162 2563 1214 2613 τῶν

162 2661 276 2730 ἱεράκων,
290 2661 315 2713 ol
327 2660 374 2730 μὲν
386 2661 436 2732 γὰρ
450 2660 552 2732 ἔχοντες
566 2657 637 2730 ξύλα
647 2663 761 2725 σαβοῦσι
777 2661 823 2714 τὸν
839 2660 953 2728 κάλαμον
971 2655 1011 2712 καί
1029 2655 1158 2727 τὴνῦλην
1171 2653 1213 2711 ’ίνα

161 2758 286 2812 πέτωνται
299 2758 332 2812 τὰ
345 2757 451 2831 ὀρνίθια,
466 2759 490 2811 ol
509 2757 532 2812 δ’
547 2757 643 2829 ίίρακει·
661 2757 756 2812 ἄνωθεν
774 2758 985 2830 ὑπερφαινόμενοι
1002 2756 1211 2821 καταδιώκουσιν,

161 2855 291 2930 intelligo
318 2854 408 2913 moris
436 2871 656 2930 nonnumquam
681 2853 766 2913 fuisse
789 2853 1001 2930 aucupantibus
1024 2862 1056 2910 ut
1078 2852 1212 2911 uolucres

161 2972 197 3012 ex
210 2953 328 3011 sedibus
337 2953 540 3029 proturbarent
554 2953 727 3025 clamand0;
750 2952 828 3010 unde
841 2952 891 3010 ubi
905 2951 1082 3022 euolassent,
1096 2951 1126 3008 in
1142 2954 1212 3010 retia

161 3051 296 3124 incidere,
318 3062 346 3110 et
370 3053 411 3110 sic
438 3052 511 3128 capi.
552 3051 655 3128 Itaque
679 3051 864 3109 retinendum
884 3049 971 3108 credo
992 3051 1123 3120 clamare,
1145 3049 1173 3107 h.
1185 3069 1211 3110 e.

161 3154 269 3216 σοβεῖνε
291 3151 381 3208 uerba
396 3149 437 3208 sic
452 3148 598 3220 struenda,
613 3151 735 3207 clamare
747 3150 878 3206 sedentem
893 3149 969 3205 nidis
983 3150 1043 3206 suis
1058 3167 1179 3207 rantum.

202 3249 239 3305 V.
256 3252 323 3324 385,
341 3251 399 3324 386
415 3249 456 3306 sic
471 3258 570 3307 extant
584 3248 615 3306 in
630 3245 746 3306 Gembl.

242 3435 246 3442 ,
282 3362 405 3422 Pascere
426 3381 496 3421 aues
517 3362 646 3439 gaudent
667 3361 782 3420 ueneris
803 3370 831 3420 et
853 3360 973 3420 reddere
994 3364 1125 3424 †caecos

282 3461 343 3520 Aut
364 3463 448 3521 certis
470 3479 607 3521 reuocare
629 3461 714 3534 notis,

161 3588 220 3658 385
236 3585 348 3642 ueneris
366 3584 494 3660 gaudent
515 3585 601 3644 Voss.2
618 3584 746 3659 gaudent
765 3582 880 3642 ueneris
896 3588 952 3640 cell.
968 3581 1085 3641 credere
1101 3599 1209 3658 campo

161 3682 303 3740 Bentlerics
317 3683 439 3743 reddere
453 3683 536 3741 caelo
550 3681 676 3741 Iacobus.

202 3780 305 3851 Fuitne
319 3783 426 3840 credere
439 3785 542 3840 caeco?
558 3780 584 3839 h.
594 3800 619 3840 e.
629 3781 704 3839 aeris
719 3781 814 3857 spatio
825 3779 907 3858 quod
920 3778 1010 3838 oculis
1025 3778 1208 3856 exploratum

367 3909 377 3940 ¹
394 3910 435 3962 Sic
444 3910 579 3963 Salmasius
590 3927 637 3977 pro
650 3911 759 3976 eoquod
772 3910 845 3961 habet
857 3909 935 3960 codex
945 3905 1029 3959 τίλας.
