2760 4448
604 278 632 329 V

132 436 170 499 V.
185 439 325 516 632-634
340 437 383 500 sic
396 447 496 499 extant
510 435 672 498 in'Gembl.

215 538 347 598 Piscibus
367 538 475 598 exortis
496 554 564 596 cum
585 553 654 613 pars
673 535 812 597 uicesima
831 535 928 614 prima

217 636 339 713 Signato
359 645 451 696 terrae
471 635 571 695 lumen
591 634 714 711 fulgebit
735 645 764 694 et
784 635 848 695 orbi

213 735 321 794 Aerius
341 742 477 793 nascetur
497 751 590 811 equus
612 732 754 810 caeloque
774 732 892 792 uolabit.

135 834 192 908 632
210 832 329 910 Signato
342 832 425 910 Lips.
435 832 582 907 signatum
600 829 685 889 Voss.¹
701 830 768 892 Cur.
781 850 796 889 o
807 829 931 907 signauit
949 825 1034 889 Voss.²
1048 839 1144 889 terrae

93 930 194 989 lumen
215 930 300 990 Voss.¹
313 948 329 989 o
342 939 418 990 terra
432 930 539 990 elimen
557 927 645 989 Voss.²

134 1026 282 1089 Bentleius
292 1026 390 1089 Voss?
404 1038 520 1088 secutus
534 1047 561 1087 u.
579 1032 636 1104 ⁶3²
653 1028 696 1087 sic
710 1026 801 1087 edidit

218 1127 350 1204 Signabit
370 1137 463 1186 terrae
483 1126 581 1199 limen,
602 1125 725 1202 fulgebit
745 1134 774 1185 et
795 1125 859 1185 orbi

96 1226 170 1286 ‘hoc
185 1236 238 1298 est,
257 1225 377 1303 stringet
391 1225 497 1285 lineam
511 1224 729 1285 horizontalem.
772 1224 820 1284 Sic
835 1224 859 1283 Ι.
876 1226 932 1299 581
951 1221 1021 1304 (582
1038 1219 1143 1304 Iacob)

93 1325 256 1386 Proximus
269 1323 343 1382 hunc
363 1324 449 1396 ultra,
467 1323 604 1383 brumalis
617 1325 726 1381 nomine
733 1324 870 1400 gaudens,
892 1322 994 1381 Vltima
1014 1323 1145 1399 designat

81 1423 231 1502 sugr'entri
244 1422 345 1481 limina
358 1418 440 1481 solis!
474 1420 532 1480 Sed
546 1421 654 1483 haereo
668 1421 698 1478 in
712 1439 748 1481 eo
763 1420 843 1499 quod
857 1421 944 1480 ceteri
958 1421 1074 1480 codices
1084 1422 1145 1497 sig·

94 1528 191 1580 natum
205 1520 251 1579 uel
260 1522 370 1596 signato
384 1518 500 1591 habent,
516 1519 597 1597 quod
610 1520 661 1578 uix
675 1529 788 1597 poterat
799 1518 971 1595 exsignabit
981 1519 1145 1595 prouenire.
1177 1552 1180 1558 -

94 1618 198 1696 Itaque
219 1617 297 1678 haud
316 1617 376 1677 scio
403 1636 442 1676 an
469 1635 530 1676 non
560 1616 700 1678 Stoebero
729 1618 827 1694 potius
854 1617 1076 1676 adsentiendum
1105 1617 1144 1676 sit

94 1717 241 1777 reuocanti
255 1715 406 1792 Srgnatum
427 1721 519 1775 terroe
539 1717 765 1793 lumenfulgebr't
782 1724 809 1775 et
829 1717 897 1788 orbi,
919 1715 999 1792 quod
1024 1715 1145 1776 dederat

96 1815 224 1892 Scaliger
238 1815 268 1872 in
282 1814 327 1874 ed.
342 1833 366 1872 1.
402 1813 471 1874 Hoc
493 1813 621 1874 Huetius
639 1815 679 1874 sic
697 1815 837 1892 explicat:
860 1813 1030 1891 ‘Signatum
1052 1822 1147 1874 terrae

94 1915 185 1973 lunien
206 1913 262 1974 hoc
281 1922 325 1973 est
341 1912 440 1972 lumen
460 1913 491 1970 in
506 1912 668 1972 Horizonte
683 1913 830 1990 signatum
841 1922 870 1972 et
884 1923 1024 1974 notatum.
1066 1912 1144 1973 Cum

95 2013 203 2091 gradus
217 2011 372 2072 uicesimus
385 2011 496 2089 primus
510 2011 634 2088 attigerit
649 2012 844 2071 Horizontem
857 2012 889 2070 in
902 2030 996 2088 eoque
1007 2007 1145 2088 fulgebit!

95 2109 134 2170 Et
149 2112 239 2169 lumen
253 2110 371 2187 quidem
384 2118 428 2170 est
448 2110 479 2169 in
492 2108 608 2169 Gembl.
625 2120 654 2168 et
672 2108 782 2181 Voss.¹,
796 2112 879 2169 limen
899 2119 1047 2186 praestant
1067 2109 1148 2186 Lips.

96 2228 136 2268 m.
158 2228 201 2286 pr.
222 2218 251 2268 et
270 2206 367 2269 Voss?
408 2207 479 2268 Hoc
503 2207 704 2285 praetulerim
726 2227 788 2266 cum
804 2219 881 2285 pars
902 2209 1033 2267 uicesima
1046 2210 1147 2285 prrina

84 2308 213 2387 fulgebit
224 2308 366 2384 signatum
380 2307 463 2365 Izinen
476 2312 568 2364 terrae
586 2314 612 2364 et
628 2306 693 2365 orbi
710 2305 781 2366 caeli
804 2307 865 2365 siue
888 2305 978 2378 caelo,
992 2305 1021 2364 h.
1030 2324 1056 2366 e.
1078 2323 1148 2365 cum

100 2418 168 2466 21¹1⁸
182 2406 289 2484 gradus
309 2405 436 2466 Piscium
451 2405 562 2482 fulgore
582 2424 636 2466 suo
651 2406 776 2482 signabit
790 2405 950 2466 confinium
963 2407 1148 2465 tenebrarum

96 2516 126 2566 et
147 2505 220 2566 lucis
240 2525 278 2565 ex
292 2506 412 2566 Oceano
426 2505 519 2564 elatus
544 2515 572 2564 et
593 2505 623 2563 in
644 2515 837 2581 conspectum
858 2504 1004 2582 prodiens.
1045 2504 1148 2581 Itaque

95 2605 180 2662 limm
193 2606 336 2681 signatum
358 2603 460 2663 dicitur
479 2603 641 2681 designatio
666 2605 767 2680 puncti
789 2603 947 2663 horizontis
967 2602 1018 2662 ubi
1039 2603 1148 2680 incipit,

100 2702 204 2762 ‘when
219 2702 267 2762 the
284 2715 347 2762 21st
362 2703 467 2781 degree
482 2703 579 2764 shines
593 2722 612 2763 a
624 2702 709 2762 mark
722 2721 763 2762 on
777 2703 825 2761 the
839 2698 975 2762 horizon!

141 2800 178 2863 V.
194 2803 335 2875 646-648

222 2899 301 2960 Nixa
321 2920 399 2979 genu
420 2900 532 2979 species
554 2911 583 2960 et
603 2901 685 2979 graio
706 2900 827 2959 nomine
847 2900 925 2959 dicta

220 3000 260 3059 Et
280 3018 381 3060 comas
401 3000 549 3077 inguicola
569 3001 652 3059 uides
674 3000 729 3059 sub
750 2999 862 3075 origine
884 3007 1000 3057 constat

222 3098 334 3158 Dextra
353 3116 407 3176 per
427 3109 573 3158 extremos
594 3096 697 3158 attollit
718 3098 828 3156 lumina
848 3097 957 3156 Pisces.

143 3196 190 3255 Sic
217 3195 343 3268 Gembl.,
367 3216 464 3275 neque
488 3197 570 3256 aliter
590 3196 688 3256 Voss.l
712 3206 741 3256 et
765 3196 844 3272 Lips.
869 3196 923 3254 nisi
950 3195 1030 3274 quod
1060 3195 1149 3254 ambo

100 3296 254 3372 agnicula,
274 3294 355 3372 Lips.
374 3313 392 3355 a
411 3314 485 3356 corr.
499 3315 611 3370 comars,
628 3296 698 3355 Cus.
712 3315 807 3354 comas
827 3301 840 3353 i
854 3296 981 3371 gadulo,
996 3293 1094 3352 Voss.²
1107 3292 1151 3351 Er

95 3415 189 3471 ganas
198 3396 282 3472 iuguz'
291 3396 421 3453 onlauder
430 3394 527 3454 habet.
556 3395 635 3454 Hinc
646 3394 758 3453 dudum
768 3394 961 3453 emendarunt
969 3389 1149 3467 Engonasin.

101 3493 187 3566 Quae
201 3503 337 3552 secuntur
351 3510 439 3552 nemo
453 3502 519 3552 ante
535 3493 732 3552 Thomasium
751 3492 870 3551 feliciter
885 3490 1045 3567 temptauit.
1088 3489 1148 3549 Hic

101 3593 180 3649 enim
202 3592 243 3651 sic
263 3591 387 3651 correxit
408 3609 436 3668 p.
455 3610 489 3649 12
505 3593 555 3649 cui
569 3593 649 3650 nulla
662 3593 737 3669 fides
757 3589 809 3649 rub
825 3590 934 3665 origine
952 3594 1065 3661 cmzrtaf,
1082 3588 1149 3648 ‘i.e.

102 3689 140 3748 de
155 3690 236 3748 cuius
256 3689 366 3766 origine
388 3689 459 3748 nihil
478 3690 547 3748 certi
567 3689 723 3749 memoriae
744 3689 892 3767 proditum
910 3683 970 3747 est!
1014 3685 1152 3767 Sequitur

103 3788 227 3846 Aratum
242 3787 351 3846 Phaen.
367 3791 405 3862 63

224 3889 269 3958 τῆς
290 3886 312 3943 δ’
332 3887 417 3962 ἀγχοῦ
437 3889 555 3962 μογέοντι
577 3885 720 3945 κυλίνδεται
741 3887 813 3961 ἀνδρὶ
833 3887 913 3943 ἐοικὸς
