2760 4448
690 188 710 237 1
1202 188 1223 258 5

175 355 334 434 regionibus
344 364 385 416 est
395 357 499 434 agnota,
509 357 674 415 renuntient
681 362 770 415 autem
780 356 967 431 negotiatores,
977 357 1030 431 qui
1037 355 1079 414 ad
1085 362 1228 416 extremus

174 456 299 536 Aegypti
308 459 432 533 regiones
440 457 642 533 proximasque
659 456 767 514 ultimis
779 455 890 531 finibus
910 461 1002 513 terroe
1022 457 1233 539 ίεηιιίηαίιίηιιεΙ

162 555 299 632 fuerunt.

215 652 239 711 1.
256 666 313 726 245

296 748 361 810 Nos
382 750 413 809 in
434 759 521 810 nocte
543 767 644 809 sumus
666 765 845 825 somnosque
866 749 897 807 in
917 751 1049 809 membra
1070 749 1210 810 locamus,

215 847 312 906 Nimis
329 848 403 907 mira
416 847 533 907 locutio
554 846 725 924 Scripserim
744 865 882 904 uocamus.
924 846 969 907 Cf.
984 847 1089 908 Catull.
1104 849 1181 908 xlvii.
1198 865 1214 925 7

173 946 213 1006 Et
227 947 268 1005 sic
283 955 349 1005 ante
363 965 412 1006 me
426 945 575 1023 Coningto
586 944 676 1022 Verg.
688 945 705 1004 i.
717 963 745 1022 p.
759 947 817 1016 416
832 945 891 1005 ed.⁴

214 1044 238 1103 I.
256 1057 356 1119 271‚2

295 1141 376 1200 Tum
396 1141 477 1200 uenit
496 1150 622 1218 angusto
643 1138 840 1217 Capricornus
862 1139 955 1201 sidere
975 1141 1078 1202 flexus.

296 1239 368 1300 Post
389 1239 467 1299 hunc
489 1239 628 1298 inflexam
649 1238 780 1298 defundit
800 1238 947 1316 Aquarius
967 1258 1081 1298 urnam.

214 1337 403 1415 Quamquam
416 1337 634 1414 participiorum
648 1355 708 1396 non
724 1337 828 1396 desunt
842 1336 976 1414 exempla
995 1339 1140 1398 continuis
1159 1357 1224 1399 uer·

171 1437 251 1498 sibus
265 1437 306 1495 sic
319 1437 488 1495 iteratorum
502 1445 534 1494 ut
548 1435 578 1494 in
592 1436 688 1512 priore
705 1435 762 1494 alia
776 1436 961 1512 praepositio,
971 1436 1001 1494 in
1013 1448 1152 1513 sequente
1167 1439 1224 1498 alia

171 1536 337 1612 reperiatur,
359 1534 440 1594 uelut
468 1535 499 1593 in
530 1534 644 1594 Arateis
671 1532 841 1593 Germanici
871 1553 938 1608 204,
969 1549 1027 1610 205
1056 1534 1224 1614 Breysigius

169 1633 260 1694 edidit

275 1730 386 1807 «Ignea
406 1730 560 1790 substricta
580 1730 657 1790 lueet
677 1748 736 1807 qua
756 1728 862 1788 zonula
881 1729 959 1806 palla

291 1828 349 1888 Sed
369 1847 483 1909 poenae
503 1828 591 1888 iacies
612 1838 744 1887 remanet
765 1827 949 1905 districtaque
970 1829 1072 1906 pandit

291 1926 442 1986 Bracchia.

168 2024 287 2102 languet
305 2025 374 2084 illud
385 2027 494 2104 flexus,
509 2026 654 2103 eizstexom,
676 2043 711 2084 ac
730 2023 780 2082 uix
801 2021 994 2084 Manilianum
1014 2027 1134 2087 uidetur.
1176 2028 1223 2090 Ac

168 2124 269 2183 nescio
280 2141 319 2182 an
332 2125 431 2183 errarit
441 2124 577 2195 Iacobus,
590 2124 641 2201 qui
646 2124 748 2201 flexus
761 2140 797 2181 ex
812 2122 899 2198 piscis
914 2134 1075 2195 curuatura,
1087 2126 1117 2184 in
1131 2144 1221 2202 quam

167 2220 366 2298 Capricornus
380 2222 492 2293 desinit,
507 2230 628 2282 tueatur.
666 2220 764 2280 Credo
778 2220 927 2296 scripsisse
943 2219 1095 2280 Manilium
1101 2226 1219 2299 plexus,

167 2337 237 2378 cum
248 2319 445 2397 Capricornus
459 2339 495 2379 ex
510 2319 617 2396 duplici
632 2329 733 2378 natura
748 2319 828 2395 capri
842 2328 870 2376 et
881 2319 968 2396 piscis
982 2322 1161 2399 compositus
1176 2324 1220 2384 sit.

166 2416 203 2481 In
222 2417 373 2477 Ciceronis
389 2419 502 2477 Arateis
517 2426 594 2477 recte
615 2417 777 2476 Lemairius
796 2418 930 2493 amplexus
951 2419 1071 2478 restituit
1086 2439 1155 2496 310,
1169 2422 1220 2481 ubi

166 2515 283 2575 codices
296 2515 406 2576 habent
418 2518 542 2591 reflexus
557 2515 702 2595 (Bihrens
717 2515 749 2575 P.
759 2513 793 2573 L.
806 2514 848 2575 M.
863 2515 882 2576 i.
895 2534 926 2592 p.
942 2518 1004 2592 20).

208 2613 233 2676 I.
250 2617 390 2690 275-278

819 2712 858 2771 ad
878 2711 993 2786 Arctos,

289 2810 400 2872 Omnia
420 2830 496 2890 quae
513 2829 629 2872 summo
651 2810 822 2888 despectant
844 2809 938 2870 sidera
958 2812 1080 2885 mundo,

289 2911 353 2971 Nec
374 2920 480 2970 norunt
501 2911 607 2980 obitus,
628 2927 748 2987 unoque
768 2909 799 2966 in
820 2909 927 2968 uertice
948 2919 1061 2969 tantum

288 3008 325 3067 In
345 3009 460 3069 diuersa
480 3009 535 3068 situ
555 3009 727 3084 caelumque
748 3017 778 3066 et
799 3005 894 3066 sidera
915 3017 1059 3085 torquent.

205 3104 272 3166 Situ
295 3107 380 3166 codd.
402 3125 513 3179 omnes,
534 3108 585 3166 uix
607 3115 706 3166 tamen
729 3113 814 3177 recte,
837 3105 890 3163 etsi
911 3116 1023 3182 poterat
1046 3108 1084 3167 ad
1105 3111 1218 3170 demersa

164 3203 270 3276 relerri,
292 3215 324 3264 ut
344 3223 398 3282 per
418 3208 449 3265 in
469 3208 526 3265 selu
546 3208 659 3264 diuersa
680 3204 891 3281 significaretur
911 3204 941 3262 in
962 3204 1092 3266 diuersas
1111 3218 1218 3284 partes

164 3300 235 3362 Non
259 3303 346 3363 credo
372 3301 529 3363 Manilium
553 3314 613 3364 tam
638 3303 784 3381 expressis
808 3302 905 3361 uerbis
933 3312 993 3361 tam
1022 3305 1092 3363 nihil
1121 3305 1216 3365 decla-

163 3418 251 3470 rasse,
279 3401 494 3480 legendumque
522 3414 595 3480 puto
622 3405 702 3476 selus,
733 3408 791 3460 ‘on
819 3401 953 3476 opposite
982 3403 1058 3462 sides
1086 3402 1120 3462 of
1143 3404 1217 3463 their

163 3498 311 3577 position?
353 3500 494 3578 Respexit
514 3502 648 3560 uidelicet
673 3501 747 3560 duas
773 3499 889 3570 Arctos,
911 3517 987 3575 quae
1012 3502 1041 3560 in
1067 3502 1149 3562 caelo
1174 3503 1216 3562 sic

163 3606 231 3656 sunt
245 3597 358 3658 locatae
372 3609 404 3658 ut
418 3600 441 3658 si
456 3600 576 3659 alteram
591 3610 713 3677 spectes
723 3597 813 3656 altera
827 3599 973 3656 contraria
986 3601 1085 3658 omnia
1095 3599 1215 3661 habeat:

162 3696 285 3756 inuersis
310 3706 411 3758 mutuo
435 3701 615 3778 corporibus,
636 3710 668 3759 ut
693 3708 815 3773 utraque
842 3696 966 3757 caudam
992 3698 1108 3759 alterius
1133 3701 1215 3780 sequi

162 3795 304 3856 uideatur.
