2760 4448
694 304 721 356 V
870 302 872 307 ’
1165 309 1228 379 195

174 464 234 525 hoc
248 452 343 525 modo'
352 452 521 542 interpretor
534 461 688 541 sepulchris
697 462 751 543 (sic
766 464 844 524 enim
859 460 1035 542 scripserim)
1048 485 1055 524 :
1077 468 1226 524 memora·

175 565 250 623 bunt
270 565 378 623 cliuum
392 563 481 622 Atrei
496 565 651 639 sepulchris
672 582 711 624 sc.
729 581 798 624 eum
812 582 900 641 quem
920 572 1004 640 pater
1017 564 1124 623 Atreus
1145 563 1228 624 coxit

174 671 208 720 ut
228 662 375 738 Thyestae
400 662 559 739 adponeret
580 663 759 739 epulandum
780 672 809 720 et
831 661 862 720 in
886 672 989 722 uentre
1016 662 1227 739 sepeliendum.

175 760 226 820 Sic
241 760 338 819 Attius
359 760 470 820 dixerat
491 760 527 819 de
549 761 678 838 Thyeste
698 760 777 837 apud
792 759 853 819 Cic.
868 760 905 819 de
920 760 979 820 Off.
995 761 1012 818 i.
1030 764 1078 818 28.
1097 778 1133 835 97
1150 763 1227 820 natis

173 860 318 934 sepulchra
344 860 402 935 ipse
424 866 466 917 cst
483 869 611 935 parans:
643 859 684 918 sic
709 858 821 917 Seneca
848 858 952 918 ludens
976 859 1007 916 in
1034 858 1090 918 hac
1117 859 1226 919 crudeli

173 958 322 1034 sepultura
336 966 493 1034 postquam
508 956 657 1033 Thyesten
673 957 787 1016 induxit
805 968 938 1016 orantem
953 967 989 1015 ut
1003 966 1088 1016 natos
1103 957 1224 1034 sepelire

172 1064 282 1132 posset,
290 1055 366 1131 Thy.
382 1069 458 1130 1025
474 1073 537 1132 sqq.
551 1074 607 1114 παπ
614 1062 676 1131 peto
690 1056 836 1113 incolumes
846 1063 929 1131 pater
942 1054 1035 1114 Natos
1049 1063 1081 1114 ut
1092 1056 1227 1114 habeam}

172 1155 272 1212 scelere
304 1154 380 1229 quod
410 1155 489 1212 salua
522 1154 593 1211 dari
616 1151 737 1230 Odzbque
764 1156 865 1229 possz't,
888 1154 994 1231 frater
1021 1155 1071 1212 huc
1092 1156 1224 1233 flatrum

173 1270 249 1327 roga,
279 1249 401 1328 Sepelire
423 1253 526 1321 liceat,·
557 1251 681 1311 Atreum
712 1251 785 1311 haec
809 1251 875 1311 iecit
896 1250 1120 1327 respondentem
1145 1271 1223 1327 1034

171 1349 317 1426 Epulatus
337 1352 394 1426 ipse
412 1369 440 1408 es
463 1351 544 1426 inpia
566 1358 648 1408 natas
671 1352 750 1427 dape.
799 1349 936 1428 Denique
957 1349 1101 1428 Thyestes
1122 1351 1223 1410 huius·

171 1448 252 1507 modi
271 1447 455 1525 sepulchrum
474 1448 505 1506 in
524 1467 578 1507 suo
598 1466 719 1524 corpore
734 1432 989 1525 respiciens‘1090
1002 1449 1122 1507 sinatus
1136 1456 1224 1526 pater

171 1545 303 1605 Humare
320 1553 347 1604 et
364 1548 432 1622 igni
447 1548 558 1605 tradere
577 1555 701 1608 extranta
721 1548 791 1618 uolo,
806 1546 871 1624 Ego
887 1566 950 1604 sum
967 1548 1141 1604 cremandus.
1182 1547 1223 1606 Et

171 1638 212 1704 sic
227 1645 331 1720 Agam.
348 1646 393 1718 26,
411 1658 447 1721 27
464 1645 559 1705 lz'beris
574 1629 674 1723 planus
689 1647 756 1704 mezi
770 1644 809 1703 In
827 1664 869 1704 me
884 1647 999 1721 sepultis
1015 1647 1125 1704 uiscera
1139 1647 1226 1707 exedi

169 1761 239 1802 mea.

211 1840 271 1899 Sed
297 1840 379 1918 quod
407 1841 457 1900 diu
485 1860 533 1901 me
561 1841 682 1918 fugerat,
708 1859 811 1900 uemm
839 1851 911 1918 puto
940 1859 1072 1900 seruasse
1099 1831 1220 1902 Gembl.

170 1939 258 1998 etiam
292 1939 323 1996 in
358 1939 413 1999 illis
446 1940 662 2018 Luctantemque
693 1947 806 2016 patrem
837 1947 912 1999 nata.
957 1938 1105 2011 Quamuis
1139 1942 1221 2000 enirn

170 2036 283 2095 Seneca
313 2036 350 2096 de
380 2038 512 2097 eiusdem
534 2037 682 2115 Thyestae
710 2057 786 2097 cena
812 2038 914 2097 dixerit
942 2056 1012 2114 909,
1039 2057 1098 2114 910
1124 2039 1220 2097 Resu-

162 2137 253 2212 piuus
274 2137 330 2211 ipse
346 2147 482 2212 purpura
502 2144 584 2213 atque
603 2156 675 2197 aura
696 2137 810 2196 incubat
831 2137 899 2195 Vino
915 2142 1074 2213 grauatum
1088 2139 1220 2215 fulciens

168 2234 250 2292 Ιααπα
264 2243 353 2311 caput,
368 2235 500 2307 Eructat‚
515 2247 558 2294 est
578 2236 650 2296 alius
668 2236 751 2295 locus
773 2235 857 2294 huius
877 2234 1043 2311 tragoediae
1057 2236 1107 2313 qui
1128 2237 1220 2294 uerba

169 2330 284 2391 Manilii
305 2334 345 2392 ita
365 2353 457 2412 prope
476 2334 514 2393 ad
533 2337 656 2394 uerbum
674 2334 848 2410 expresserit
868 2343 901 2392 ut
918 2343 968 2392 aut
986 2333 1095 2392 abhoc
1114 2334 1219 2393 ductus'

168 2431 205 2489 sit
225 2441 275 2490 aut
295 2433 332 2491 ad
354 2451 541 2492 communem
562 2433 688 2511 aliquem
710 2434 830 2504 fontem,
849 2432 970 2493 fortasse
991 2432 1171 2509 Euripidem·
1190 2441 1219 2491 et

169 2527 308 2590 Manilius
327 2541 356 2592 et
376 2531 488 2591 Seneca
507 2533 638 2591 redeant.
680 2532 727 2592 Sic
746 2533 827 2590 enim
841 2531 987 2608 Thyestes
1007 2549 1085 2603 1040
1099 2530 1164 2589 Hoc
1178 2536 1221 2589 cst

166 2629 241 2704 quad
258 2631 361 2688 auidus
381 2641 476 2707 capere
495 2650 550 2689 παπ
569 2633 665 2707 potuit
675 2638 769 2707 pater.
803 2630 960 2691 Valuuntur
980 2632 1057 2688 tutus
1070 2630 1179 2688 uiscera
1193 2635 1220 2688 et

166 2727 274 2785 clusum
295 2729 376 2807 nefas
396 2728 466 2788 Sine
483 2731 568 2789 exitu
592 2730 746 2788 luctatur
765 2737 792 2788 et
809 2730 922 2805 quaerit
943 2729 1030 2786 urum.
1072 2725 1226 2802 Videlicet¹

166 2825 290 2885 luctatur
313 2828 477 2887 comedenti
506 2828 589 2900 filius,
614 2838 643 2886 et
670 2828 746 2886 intra
767 2828 880 2887 uiscera
908 2835 1045 2907 acceptus
1070 2844 1216 2887 carcerem
1290 2885 1294 2890 .

165 2924 276 3000 respuit
296 2933 324 2984 et
340 2926 451 3002 quaerit
470 2926 550 2985 uiam
570 2926 703 2985 exeundi.

207 3021 299 3080 Erunt
313 3032 411 3083 tamen
422 3024 527 3101 quibus
541 3025 718 3104 probabilior
732 3023 863 3082 uideatur
877 3023 966 3081 altera
980 3021 1065 3082 lectio
1080 3021 1214 3099 quamuis

164 3121 356 3199 recentiorum
377 3122 521 3194 codicum,
536 3122 756 3199 Ructantemque
769 3129 882 3198 patrem
903 3128 991 3190 natos,
1007 3139 1101 3199 eoque
1118 3120 1213 3195 magis

164 3219 345 3294 quintiana,
361 3238 421 3280 non
441 3220 567 3291 thebana,
583 3221 630 3279 uel
651 3229 683 3278 ut
704 3230 748 3278 est
769 3215 800 3278 in
821 3219 922 3279 codice
936 3219 1058 3296 Collegii
1073 3218 1214 3296 Corporis

164 3316 272 3377 Christi
284 3319 393 3390 tibana,
406 3318 533 3377 habeant
547 3319 577 3377 in
592 3322 670 3393 464:

286 3440 520 3519 Ructantemque
541 3452 654 3519 patrem
675 3452 760 3501 natos
782 3441 932 3519 solemque
954 3458 1105 3500 reuersum

284 3539 323 3599 Et
344 3559 464 3600 caecum
485 3541 547 3600 sine
564 3541 624 3600 sole
645 3540 723 3600 diem
744 3543 836 3601 titana
856 3542 966 3600 iuuabit

284 3637 390 3698 Dicere
411 3638 485 3697 bella
505 3639 577 3698 uteri
598 3639 782 3716 mixtumque
802 3639 833 3698 in
853 3638 939 3698 fratre
960 3649 1120 3714 parentem.

161 3778 284 3855 Saepius
297 3778 328 3837 in
342 3779 399 3838 hoc
414 3778 494 3838 Atrei
516 3778 642 3839 facinore
660 3780 746 3838 Titan
765 3780 833 3839 solis
847 3790 943 3856 partes
958 3778 1025 3854 agit.
1068 3776 1135 3835 Seu.
1149 3775 1208 3855 Ag.

160 3880 219 3951 908
235 3883 293 3937 stat
307 3898 364 3936 ecce
382 3878 466 3937 Titan
488 3879 587 3937 dubius
606 3880 714 3936 emerz'to
728 3879 772 3960 die
786 3877 883 3938 Suana
901 3874 1003 3936 currat
1020 3896 1059 3934 an
1077 3875 1207 3952 Thyestea

649 3995 667 4036 o
691 3997 706 4036 2
