2760 4448
506 329 514 342 ,
585 274 637 326 m
1066 283 1127 349 113

123 433 202 508 Quia
215 435 327 494 numeri
342 452 487 494 annorum
502 434 680 494 descendunt
695 433 847 511 gradatim,
857 453 943 495 uersu
956 444 1053 496 autern
1070 439 1127 495 612

79 534 239 618 praecessit
266 551 401 591 numerus
430 549 574 592 annorum
602 552 648 608 23,
671 550 789 592 necesse
817 543 861 593 est
888 536 985 592 minor
1000 534 1065 593 'hoc
1093 535 1130 594 sit

79 648 220 690 numerus
234 631 316 690 cuius
329 631 359 688 in
375 634 433 704 614
447 632 558 690 mentio
572 631 611 688 fit.
649 630 752 708 Itaque
767 649 828 690 non
842 639 937 708 potest
947 650 1049 690 uerum
1064 650 1129 692 esse

79 735 125 787 ter
138 731 216 798 duta,
230 729 311 806 quod
325 739 403 787 extat
417 729 447 786 in
461 728 560 788 Voss²
574 738 602 788 et
617 728 816 788 Vrbinatibus.
859 729 916 788 Sed
931 747 985 789 nec
999 737 1130 802 terrena,

80 844 142 903 quo
157 827 311 903 significari
325 828 419 904 potuit
432 827 581 904 regionem
594 837 678 902 super
692 847 802 886 occasus
819 829 879 886 siue
894 846 947 887 v111
965 827 1130 886 octodecim

79 942 176 983 annos
190 943 227 983 ex
241 925 344 1001 uiginti
354 926 445 984 tribus
455 927 592 983 remittere
604 935 633 983 et
647 925 814 984 condonare
829 927 966 997 nascenti,
979 945 1014 984 ea
1028 943 1131 985 uersus

80 1020 275 1082 conformatio
289 1023 390 1100 recipit
405 1023 522 1098 quaein
538 1022 653 1082 Gembl.
668 1023 771 1083 tradita
785 1034 836 1082 est.

206 1119 296 1191 Quod
316 1139 405 1197 super
425 1138 547 1181 occasus
567 1128 709 1198 temptati
730 1120 774 1200 (tit
795 1124 825 1180 iu
847 1119 920 1200 rus.)
941 1131 984 1181 est
1006 1119 1035 1201 (e
1055 1124 1085 1179 tn

287 1219 359 1296 ras.)
381 1219 456 1278 dena
477 1219 596 1277 remittit

205 1316 360 1376 Annorum
382 1317 482 1393 spatia.

81 1413 162 1474 Nam
176 1416 256 1493 quod
267 1415 432 1474 emendatio
444 1415 565 1474 Bentleii
573 1417 699 1492 templum
710 1422 757 1486 est,
769 1416 819 1474 troc
833 1416 928 1474 multis
942 1425 1030 1492 atque
1044 1417 1132 1474 etiam

81 1514 195 1573 Iacobo
209 1532 280 1572 uera
294 1514 356 1573 uisa
369 1521 420 1583 cst,
430 1513 521 1572 miror
534 1522 577 1572 tot
591 1512 725 1573 homines
737 1532 791 1590 pro
804 1524 884 1574 certo
898 1516 1040 1591 recepisse
1052 1513 1133 1590 quod

81 1612 306 1671 incertissimum
320 1611 363 1671 sit.
406 1610 565 1670 Rarissima
579 1619 623 1670 est
636 1610 803 1670 huiusmodi
818 1595 989 1688 corruptela,
1005 1613 1133 1687 templum

81 1719 117 1769 ut
134 1711 337 1785 intemptatum
356 1710 458 1768 abeat:
482 1709 558 1767 aliud
577 1709 702 1786 requiro.
745 1709 922 1769 Succurrunt
944 1728 1007 1769 non
1028 1727 1132 1787 pauca,

81 1809 250 1883 temptatum,
273 1814 411 1880 metatum,
437 1809 595 1877 z'nttntum
626 1826 664 1866 ne
689 1809 850 1883 templorum
872 1807 991 1883 quidem
1014 1825 1134 1884 prorsus

82 1902 288 1974 abiciendum;
310 1903 369 1961 duo
391 1903 470 1961 enim
491 1901 567 1976 dicit,
589 1903 721 1979 superius
744 1905 812 1976 614,
835 1901 952 1962 inferius
975 1904 1043 1974 616,
1065 1901 1093 1959 h.
1109 1920 1134 1960 e.

83 2018 173 2076 supra
186 2018 324 2059 occasum
338 2010 367 2058 et
382 1998 464 2058 infra.

126 2097 218 2169 Quod
237 2099 394 2173 temptatum
418 2098 449 2155 in
473 2097 518 2156 his
542 2108 595 2169 est,
615 2099 792 2158 uocabulum
813 2097 940 2175 alioquin
961 2098 1134 2171 inauditum,

82 2206 198 2273 poterat
219 2196 249 2253 in
271 2194 384 2253 Manilii
406 2184 476 2268 ἅπαξ
497 2197 643 2269 εἰρημένοις,
662 2214 738 2273 quae
760 2195 920 2254 Kramerus
940 2196 1085 2271 congessit
1099 2195 1135 2253 de

84 2294 199 2353 Manilii
208 2293 370 2352 elocutione
380 2311 427 2369 pp.
440 2313 486 2368 32,
499 2313 536 2369 33
549 2295 637 2352 etiarn
647 2293 705 2353 hoc
716 2312 787 2353 esse.
808 2293 869 2365 Qui
879 2296 1017 2370 clepsz'sset
1025 2294 1138 2370 peredit

83 2393 214 2453 breuiore
227 2389 351 2450 ¹aurare
365 2389 429 2469 (IV.
441 2391 513 2470 515)
526 2393 684 2469 usurpauit,
699 2411 751 2451 cur
765 2392 832 2451 huic
846 2395 979 2469 temptare
992 2393 1136 2467 deneges?

85 2490 122 2548 Id
150 2501 199 2549 aut
225 2491 300 2549 inter
327 2490 505 2551 archaismos
531 2488 712 2550 referendum
740 2500 816 2550 esset
841 2500 891 2549 aut
913 2508 949 2548 ex
972 2490 1135 2566 composito

84 2591 230 2663 contemplo
249 2589 377 2660 ductum,
391 2589 497 2648 eodem
514 2588 605 2648 modo
619 2607 679 2664 quo
694 2607 786 2666 nuper
800 2590 830 2647 in
844 2589 927 2648 titulo
942 2590 974 2646 de
986 2588 1139 2663 sumptibus

84 2688 215 2745 ludorum
229 2688 468 2763 gladiatoriarum
485 2688 641 2745 minuendis
657 2705 744 2763 quem
759 2686 815 2745 hoc
830 2688 895 2764 ipso
910 2705 989 2746 anno
1004 2685 1137 2745 Momm·

85 2803 174 2844 senus
198 2785 287 2844 edidit
311 2787 341 2843 in
366 2784 628 2844 Obseruationibus
651 2784 855 2861 Epigraphicis
879 2802 908 2861 p.
931 2787 989 2860 389
1016 2802 1079 2860 sqq.
1100 2803 1136 2842 ex

85 2883 254 2959 compositis
281 2884 392 2958 inplere,
417 2885 528 2959 replere,
553 2884 677 2959 conplere
703 2882 798 2941 forma
828 2883 949 2959 simplex
971 2883 1073 2958 plaudi
1092 2882 1138 2940 in-

85 2982 211 3040 uenitur.
253 2981 340 3041 Certe
364 2981 426 3039 uim
451 2999 534 3040 suam
555 2981 669 3040 uidetur
689 2979 797 3040 habere
818 2982 977 3057 temptatum
998 2981 1029 3038 in
1049 2998 1135 3038 uersu

87 3077 220 3137 Manilii:
241 3088 286 3139 est
299 3079 379 3138 enirn
394 3078 490 3156 ‘quod
508 3079 634 3155 spatium
653 3078 725 3138 caeli
746 3078 776 3137 in
797 3079 940 3155 templum
961 3079 1137 3155 descriptum

85 3187 130 3236 est
151 3195 238 3255 super
257 3177 416 3237 occasus’:
445 3177 514 3236 inde
535 3176 618 3235 facile
640 3177 776 3254 suppleas
800 3176 839 3236 ad
859 3175 994 3250 Interius,
1015 3176 1064 3235 uel
1084 3174 1138 3233 In·

73 3277 186 3355 J‘ertus,
201 3275 231 3333 id
242 3275 323 3352 quod
336 3275 367 3333 in
380 3276 472 3334 uerbo
486 3277 644 3350 temptatum
655 3274 731 3347 latet,
746 3276 883 3351 templum.

129 3372 240 3433 Versus
270 3391 391 3450 quoquo
422 3373 515 3432 modo
547 3373 740 3433 restituendus
768 3374 829 3443 erit,
857 3375 926 3432 dena
954 3371 1138 3432 retinendum

87 3489 203 3541 censeo,
226 3473 344 3530 remittit
361 3471 402 3531 sic
424 3472 595 3549 interpretor
615 3481 646 3530 ut
669 3472 780 3530 dicatur
804 3472 884 3548 regio
906 3489 958 3530 v111
979 3489 1015 3529 ex
1037 3469 1138 3544 uiginti

86 3571 179 3628 tribus
206 3570 299 3640 annis,
325 3587 399 3647 quos
423 3569 503 3646 prior
527 3571 607 3646 regio
632 3589 673 3630 xn
698 3570 844 3641 tribuerat,
868 3568 969 3628 decem
995 3567 1139 3626 remittere

88 3669 151 3727 siue
181 3667 357 3728 subtrahere.
409 3667 601 3727 Relincuntur
630 3669 698 3728 anni
730 3669 877 3740 tredecim,
903 3685 996 3744 neque
1024 3664 1054 3723 hi
1085 3663 1138 3722 soli

90 3830 131 3946 [ἐ
128 3834 156 3948 ct‘
162 3831 230 3909 illud
249 3833 363 3883 autuuit
383 3848 445 3897 quae
463 3832 545 3882 audax
563 3831 632 3881 uerbi
650 3831 718 3882 fictio
735 3832 832 3882 uidetur
846 3831 914 3880 esse.’
948 3828 1038 3879 Carrio
1056 3828 1141 3893 Antiq.

155 3911 189 3948 .r.
205 3911 242 3947 ao.

608 4000 619 4039 1
