2760 4448
685 288 713 341 ν
1150 292 1210 361 177

162 469 329 511 enumerare
355 447 532 531 (130-139).
585 450 664 510 Fecit
693 451 771 509 idem
800 449 947 522 Manilius,
974 449 1095 511 fortasse
1123 453 1210 529 grati·

163 550 300 610 ficaturus
321 548 450 622 Tiberio,
472 532 523 626 qui
547 548 675 608 Drusum
697 549 854 608 Caesarem
876 559 992 625 cymata
1018 549 1210 609 fastidientem

162 649 203 708 ob
223 648 280 709 hoc
301 649 457 724 castigasse
478 658 610 706 narratur
632 666 650 706 a
671 647 765 706 Plinio
786 647 829 705 H.
845 646 883 706 N.
900 648 959 708 xis.
977 661 1043 724 137.
1085 648 1124 707 Et
1144 649 1211 725 quis

162 765 225 805 non
239 747 310 806 uidit
323 747 455 806 caerulea
469 745 515 805 uel
529 746 768 824 purpurascentia
782 745 851 805 folia
864 746 1079 806 brassicarum?
1109 746 1210 805 Vnum

162 845 305 922 estquod
321 845 487 922 scrupulum
503 845 609 914 iniciat,
618 846 773 920 gramine:¹
794 844 824 902 id
839 863 900 902 non
914 863 951 903 ex
964 847 1089 921 palmite,
1105 846 1157 904 sed
1178 855 1211 904 ut

162 941 234 1000 alias
252 960 288 1000 ex
305 944 439 1018 germine,
454 943 535 1016 «sieut
554 942 681 1001 Iacobus
699 943 798 1013 uoluit,
813 942 946 1001 uitiatum
967 954 1019 1002 est.
1061 944 1134 1002 Plin.
1149 944 1207 1003 xix.

167 1059 222 1113 144
234 1041 858 1117 21221221212122221111222112222121
869 1042 1079 1117 germinibus
1087 1049 1114 1100 et
1122 1042 1215 1100 caulei·

162 1140 194 1197 in
209 1139 357 1198 medullam
370 1140 470 1197 semim
483 1159 522 1198 ex
536 1140 602 1197 ulus
615 1141 718 1199 addito.
761 1140 864 1216 Itaque
879 1140 1064 1200 scribendum
1079 1141 1132 1200 erit

286 1260 460 1320 Caeruleum
481 1261 556 1321 loliis
577 1262 738 1322 uiridemue
758 1263 788 1320 in
808 1263 938 1339 germine
960 1263 1073 1322 caulem

288 1359 430 1420 Conseret

165 1483 192 1542 h.
206 1502 232 1543 e.
246 1483 391 1543 brassicas
411 1492 486 1542 seret
505 1484 566 1543 siue
584 1503 659 1562 quae
680 1484 756 1544 foliis
775 1497 987 1563 purpurascunt
1008 1486 1068 1547 siue
1085 1505 1160 1564 quae
1182 1488 1215 1547 in

166 1582 270 1641 uiridia
301 1583 474 1659 germinant.
530 1581 608 1641 Nam
637 1584 783 1661 plerisque
817 1585 898 1644 color
926 1595 969 1644 est
997 1586 1106 1657 uiridis,
1134 1587 1214 1645 unde

166 1681 275 1739 Plinius
290 1682 394 1739 uiridis
407 1683 528 1753 seruari,
543 1683 714 1740 uim'ditutem
729 1684 868 1741 custodiri
878 1683 961 1742 tradit
975 1684 1033 1743 xix.
1051 1703 1117 1757 142,
1136 1703 1170 1756 14
1175 1704 1204 1759 3.

208 1779 246 1839 V.
264 1783 320 1852 264
337 1797 401 1858 sqq.
417 1780 458 1838 sic
472 1779 649 1863 tradiderunt
662 1780 779 1840 Gembl.
794 1792 822 1840 et
836 1782 923 1841 ceteri
937 1782 1054 1842 codices

573 1905 604 1962 in
625 1914 725 1963 mutua
746 1923 864 1982 pressos
885 1903 936 1983 (sc.
952 1905 1050 1984 flores)

211 2007 270 2077 265
293 2002 436 2080 lucoquet
458 2012 544 2079 atque
566 2004 686 2062 arabum
708 2003 788 2063 siluis
809 2005 946 2063 mulcebit
967 2005 1072 2064 odores

289 2099 327 2160 Et
348 2101 461 2160 medios
480 2113 629 2178 unguenta
650 2103 729 2161 dabit
750 2102 901 2161 referentia
922 2103 1007 2162 flatus

290 2199 332 2258 Vt
352 2201 387 2257 sit
408 2199 550 2259 adulterio
572 2218 709 2260 sucorum
730 2202 821 2278 gratia
843 2201 946 2260 maior.

212 2324 269 2394 265
291 2340 366 2398 eque
385 2322 517 2380 Arabum
538 2341 562 2382 s.
580 2324 713 2382 miscebit
734 2324 840 2383 odores
861 2324 1011 2382 Rezuesz'us
1031 2325 1221 2401 adstipulante

167 2418 292 2478 Bentleio
306 2420 356 2477 An
370 2420 515 2479 mutabit?
559 2425 615 2480 266
632 2420 740 2481 Medos
755 2421 847 2480 Bentl.
862 2424 943 2480 citato
961 2423 1039 2500 Verg.
1058 2421 1095 2482 G.
1110 2423 1137 2482 ii.
1157 2425 1218 2498 136

168 2517 325 2577 Medorum
341 2519 438 2576 siluae.

212 2616 350 2694 Speciosa
371 2626 415 2675 est
436 2617 602 2676 coniectura
625 2617 760 2688 Reinesii‚
783 2636 879 2694 neque
900 2626 998 2676 tamen
1020 2627 1115 2690 certa3
1147 2636 1217 2676 nam

168 2715 269 2774 debuit
283 2715 381 2791 potius
395 2735 480 2790 aque:
503 2734 558 2774 nec
570 2717 696 2774 mulcebit
704 2735 740 2774 ex
751 2716 878 2787 miscebit,
889 2715 941 2774 sed
950 2735 987 2774 ex
999 2717 1117 2774 mutabit
1126 2716 1218 2774 credo

168 2814 312 2873 uitiatum.
359 2811 472 2871 Eadem
494 2813 644 2872 tralatione
665 2831 735 2873 usus
756 2824 799 2872 est
827 2817 893 2889 267,
918 2815 1055 2872 adulterio
1080 2833 1217 2872 suorum

170 2911 285 2988 Manilii
299 2911 439 2988 interpres
450 2911 591 2970 Horatius
606 2913 641 2970 sit
656 2911 749 2988 Epod.
761 2913 816 2970 xvi.
829 2931 927 2987 30-32
940 2912 1078 2988 Nouoque
1092 2919 1219 2970 menstra

169 3011 301 3069 iunxerat
326 3010 439 3068 libidine
466 3009 568 3068 Mz'rus
596 3029 684 3082 umor,
706 3013 781 3068 iuuet
800 3018 833 3068 ut
852 3013 939 3087 tigres
960 3011 1097 3069 substitere
1118 3012 1219 3081 ceruis,

170 3109 354 3167 Adulteretur
373 3114 399 3166 et
419 3108 542 3166 columba
566 3110 660 3166 miluo.
716 3107 794 3166 Nam
817 3110 867 3186 qui
891 3109 976 3168 nouis
997 3110 1093 3168 modis
1113 3108 1220 3166 herbas

170 3206 297 3266 floresue
313 3207 463 3283 coniungit
482 3215 513 3263 ut
534 3216 643 3265 mutata
662 3206 847 3283 copulatione
866 3208 945 3265 noui
956 3208 1061 3267 odores
1075 3215 1216 3274 creentur,

170 3306 198 3363 is
217 3304 305 3382 quasi
324 3304 495 3363 adulterium
517 3304 585 3364 facit
607 3323 751 3364 sucorum.
805 3305 853 3364 Sic
874 3305 913 3365 11.
938 3325 973 3365 22
989 3307 1082 3382 Atque
1102 3306 1222 3364 arbusta

170 3405 256 3479 uagas
269 3410 356 3461 essent
367 3403 442 3478 quod
450 3404 581 3461 adultera
590 3405 692 3479 pomis.

213 3501 250 3560 V.
267 3514 323 3576 273
339 3519 403 3579 sqq.
418 3502 458 3561 sic
474 3510 572 3561 extant
587 3503 618 3560 in
632 3501 748 3561 Gembl.

293 3617 440 3675 Amorum
460 3618 612 3693 ingenerat
633 3617 759 3676 studium
780 3618 911 3694 rurisque
933 3616 1046 3676 colendi

295 3715 471 3791 Seminaque
491 3716 523 3773 in
544 3715 646 3774 faenus
668 3717 784 3775 sulcatis
805 3717 919 3775 credere
941 3716 1023 3773 terris

216 3825 274 3889 275
297 3812 480 3890 Vsuramque
502 3815 583 3890 sequi
604 3815 747 3873 maiorem
769 3824 846 3872 sorte
867 3814 992 3888 receptis

296 3911 440 3989 Frugibus
461 3913 620 3972 innumeris
640 3922 727 3991 atque
747 3913 852 3972 horrea
873 3929 1011 3990 quaerere
1032 3911 1128 3972 messi.

693 4031 712 4070 u
