<?xml version="1.0" encoding="UTF-8"?>
<!DOCTYPE html PUBLIC "-//W3C//DTD XHTML 1.0 Transitional//EN"
    "http://www.w3.org/TR/xhtml1/DTD/xhtml1-transitional.dtd">
<html xmlns="http://www.w3.org/1999/xhtml" xml:lang="en" lang="en">
 <head>
  <title>
</title>
<meta http-equiv="Content-Type" content="text/html;charset=utf-8" />
  <meta name='ocr-system' content='tesseract 3.04.00' />
  <meta name='ocr-capabilities' content='ocr_page ocr_carea ocr_par ocr_line ocrx_word'/>
</head>
<body>
  <div class='ocr_page' id='page_1' title='image "./noctesmaniliana00elligoog/noctesmaniliana00elligoog_0138.png"; bbox 0 0 2760 4448; ppageno 0'>
   <div class='ocr_carea' id='block_1_1' title="bbox 581 291 1130 362">
    <p class='ocr_par' dir='ltr' id='par_1_1' title="bbox 581 291 1130 362">
     <span class='ocr_line' id='line_1_1' title="bbox 581 291 1130 362; baseline 0.004 -20"><span class='ocrx_word' id='word_1_1' title='bbox 581 291 639 343; x_wconf 80' lang='lat' dir='ltr'>JV·</span> <span class='ocrx_word' id='word_1_2' title='bbox 718 303 720 308; x_wconf 95' lang='lat'>·</span> <span class='ocrx_word' id='word_1_3' title='bbox 1069 292 1130 362; x_wconf 88' lang='lat'>117</span> 
     </span>
    </p>
   </div>
   <div class='ocr_carea' id='block_1_2' title="bbox 80 449 1168 1120">
    <p class='ocr_par' dir='ltr' id='par_1_2' title="bbox 207 449 1066 611">
     <span class='ocr_line' id='line_1_2' title="bbox 207 449 1066 530; baseline -0.002 -17"><span class='ocrx_word' id='word_1_4' title='bbox 207 451 285 514; x_wconf 91' lang='lat' dir='ltr'>Cum</span> <span class='ocrx_word' id='word_1_5' title='bbox 304 452 363 512; x_wconf 88' lang='lat' dir='ltr'>iam</span> <span class='ocrx_word' id='word_1_6' title='bbox 384 451 471 512; x_wconf 83' lang='lat' dir='ltr'>etiam</span> <span class='ocrx_word' id='word_1_7' title='bbox 491 469 592 530; x_wconf 92' lang='lat' dir='ltr'>posses</span> <span class='ocrx_word' id='word_1_8' title='bbox 613 452 701 512; x_wconf 87' lang='lat' dir='ltr'>alium</span> <span class='ocrx_word' id='word_1_9' title='bbox 722 469 897 528; x_wconf 88' lang='lat' dir='ltr'>componere</span> <span class='ocrx_word' id='word_1_10' title='bbox 920 449 1066 529; x_wconf 87' lang='lat' dir='ltr'>Magnum</span> 
     </span>
     <span class='ocr_line' id='line_1_3' title="bbox 208 551 364 611; baseline -0.006 0"><span class='ocrx_word' id='word_1_11' title='bbox 208 551 364 611; x_wconf 83' lang='lat' dir='ltr'>Crederet?</span> 
     </span>
    </p>

    <p class='ocr_par' dir='ltr' id='par_1_3' title="bbox 127 648 440 725">
     <span class='ocr_line' id='line_1_4' title="bbox 127 648 440 725; baseline 0 -18"><span class='ocrx_word' id='word_1_12' title='bbox 127 663 165 724; x_wconf 84' lang='lat'>53</span> <span class='ocrx_word' id='word_1_13' title='bbox 180 668 357 725; x_wconf 85' lang='lat' dir='ltr'>cognoscere</span> <span class='ocrx_word' id='word_1_14' title='bbox 373 648 440 710; x_wconf 83' lang='lat' dir='ltr'>Cur.</span> 
     </span>
    </p>

    <p class='ocr_par' dir='ltr' id='par_1_4' title="bbox 80 746 1168 1120">
     <span class='ocr_line' id='line_1_5' title="bbox 129 746 1133 824; baseline -0.003 -17"><span class='ocrx_word' id='word_1_15' title='bbox 129 747 295 824; x_wconf 83' lang='lat' dir='ltr'>Componere</span> <span class='ocrx_word' id='word_1_16' title='bbox 308 746 455 808; x_wconf 89' lang='lat' dir='ltr'>Bentleius</span> <span class='ocrx_word' id='word_1_17' title='bbox 471 747 511 807; x_wconf 89' lang='lat' dir='ltr'>sic</span> <span class='ocrx_word' id='word_1_18' title='bbox 525 748 725 824; x_wconf 88' lang='lat' dir='ltr'>interpretatus</span> <span class='ocrx_word' id='word_1_19' title='bbox 738 757 798 807; x_wconf 89' lang='lat' dir='ltr'>est:</span> <span class='ocrx_word' id='word_1_20' title='bbox 821 751 906 806; x_wconf 87' lang='lat' dir='ltr'>‘cum</span> <span class='ocrx_word' id='word_1_21' title='bbox 920 756 1017 806; x_wconf 84' lang='lat' dir='ltr'><strong>tantae</strong></span> <span class='ocrx_word' id='word_1_22' title='bbox 1031 756 1133 824; x_wconf 91' lang='lat' dir='ltr'>poten-</span> 
     </span>
     <span class='ocr_line' id='line_1_6' title="bbox 81 845 1168 922; baseline -0.003 -18"><span class='ocrx_word' id='word_1_23' title='bbox 81 846 140 904; x_wconf 87' lang='lat' dir='ltr'>tiae</span> <span class='ocrx_word' id='word_1_24' title='bbox 154 864 233 905; x_wconf 89' lang='lat' dir='ltr'>esses</span> <span class='ocrx_word' id='word_1_25' title='bbox 246 858 279 904; x_wconf 91' lang='lat' dir='ltr'>ut</span> <span class='ocrx_word' id='word_1_26' title='bbox 288 848 370 904; x_wconf 68' lang='lat' dir='ltr'>etrum</span> <span class='ocrx_word' id='word_1_27' title='bbox 385 847 473 904; x_wconf 76' lang='lat' dir='ltr'>alim</span> <span class='ocrx_word' id='word_1_28' title='bbox 485 846 656 922; x_wconf 90' lang='lat' dir='ltr'>cuicumque</span> <span class='ocrx_word' id='word_1_29' title='bbox 671 846 767 906; x_wconf 87' lang='lat' dir='ltr'>fauere</span> <span class='ocrx_word' id='word_1_30' title='bbox 773 845 876 916; x_wconf 90' lang='lat' dir='ltr'>uelles,</span> <span class='ocrx_word' id='word_1_31' title='bbox 886 864 989 922; x_wconf 90' lang='lat' dir='ltr'>posses</span> <span class='ocrx_word' id='word_1_32' title='bbox 1000 864 1134 921; x_wconf 80' lang='lat' dir='ltr'>magnum</span> <span class='ocrx_word' id='word_1_33' title='bbox 1163 863 1168 874; x_wconf 96' lang='lat'>·</span> 
     </span>
     <span class='ocr_line' id='line_1_7' title="bbox 82 941 1134 1021; baseline -0.001 -18"><span class='ocrx_word' id='word_1_34' title='bbox 82 941 217 1003; x_wconf 66' lang='lat' dir='ltr'>efficere!</span> <span class='ocrx_word' id='word_1_35' title='bbox 262 943 371 1003; x_wconf 88' lang='lat' dir='ltr'>Durius</span> <span class='ocrx_word' id='word_1_36' title='bbox 399 944 473 1018; x_wconf 90' lang='lat' dir='ltr'>hoc;</span> <span class='ocrx_word' id='word_1_37' title='bbox 506 962 575 1003; x_wconf 85' lang='lat' dir='ltr'>nam</span> <span class='ocrx_word' id='word_1_38' title='bbox 602 944 802 1003; x_wconf 83' lang='lat' dir='ltr'>Alexandrum</span> <span class='ocrx_word' id='word_1_39' title='bbox 830 945 943 1003; x_wconf 92' lang='lat' dir='ltr'>uidetur</span> <span class='ocrx_word' id='word_1_40' title='bbox 970 944 1134 1021; x_wconf 85' lang='lat' dir='ltr'>significare</span> 
     </span>
     <span class='ocr_line' id='line_1_8' title="bbox 80 1041 1133 1120; baseline 0 -22"><span class='ocrx_word' id='word_1_41' title='bbox 80 1041 233 1113; x_wconf 86' lang='lat' dir='ltr'><strong>Manilius,</strong></span> <span class='ocrx_word' id='word_1_42' title='bbox 258 1043 308 1118; x_wconf 91' lang='lat' dir='ltr'>qui</span> <span class='ocrx_word' id='word_1_43' title='bbox 336 1053 403 1100; x_wconf 88' lang='lat' dir='ltr'>ante</span> <span class='ocrx_word' id='word_1_44' title='bbox 428 1042 602 1120; x_wconf 91' lang='lat' dir='ltr'>Pompeium</span> <span class='ocrx_word' id='word_1_45' title='bbox 631 1060 739 1102; x_wconf 89' lang='lat' dir='ltr'>nomen</span> <span class='ocrx_word' id='word_1_46' title='bbox 768 1041 871 1118; x_wconf 86' lang='lat' dir='ltr'>Magni</span> <span class='ocrx_word' id='word_1_47' title='bbox 898 1043 1021 1120; x_wconf 88' lang='lat' dir='ltr'>adeptus</span> <span class='ocrx_word' id='word_1_48' title='bbox 1050 1051 1133 1112; x_wconf 91' lang='lat' dir='ltr'>esset,</span> 
     </span>
    </p>
   </div>
   <div class='ocr_carea' id='block_1_3' title="bbox 81 1140 1135 1414">
    <p class='ocr_par' dir='ltr' id='par_1_5' title="bbox 81 1140 1135 1414">
     <span class='ocr_line' id='line_1_9' title="bbox 83 1140 1135 1218; baseline 0.002 -21"><span class='ocrx_word' id='word_1_49' title='bbox 83 1140 248 1216; x_wconf 91' lang='lat' dir='ltr'>triumphos</span> <span class='ocrx_word' id='word_1_50' title='bbox 268 1151 367 1199; x_wconf 89' lang='lat' dir='ltr'>autem</span> <span class='ocrx_word' id='word_1_51' title='bbox 391 1151 419 1200; x_wconf 90' lang='lat' dir='ltr'>et</span> <span class='ocrx_word' id='word_1_52' title='bbox 443 1141 505 1218; x_wconf 89' lang='lat' dir='ltr'>ipse</span> <span class='ocrx_word' id='word_1_53' title='bbox 530 1160 567 1199; x_wconf 87' lang='lat' dir='ltr'>ex</span> <span class='ocrx_word' id='word_1_54' title='bbox 588 1141 669 1200; x_wconf 90' lang='lat' dir='ltr'>omni</span> <span class='ocrx_word' id='word_1_55' title='bbox 690 1152 772 1218; x_wconf 90' lang='lat' dir='ltr'>parte</span> <span class='ocrx_word' id='word_1_56' title='bbox 792 1152 932 1200; x_wconf 88' lang='lat' dir='ltr'>terrarum</span> <span class='ocrx_word' id='word_1_57' title='bbox 953 1149 1135 1217; x_wconf 84' lang='lat' dir='ltr'>reportasset.</span> 
     </span>
     <span class='ocr_line' id='line_1_10' title="bbox 81 1237 1134 1316; baseline 0 -20"><span class='ocrx_word' id='word_1_58' title='bbox 81 1237 166 1297; x_wconf 82' lang='lat' dir='ltr'>Dixit</span> <span class='ocrx_word' id='word_1_59' title='bbox 191 1239 277 1314; x_wconf 86' lang='lat' dir='ltr'>igitur</span> <span class='ocrx_word' id='word_1_60' title='bbox 300 1248 455 1314; x_wconf 82' lang='lat' dir='ltr'>componere</span> <span class='ocrx_word' id='word_1_61' title='bbox 479 1257 649 1316; x_wconf 86' lang='lat' dir='ltr'>comparare</span> <span class='ocrx_word' id='word_1_62' title='bbox 674 1239 850 1312; x_wconf 85' lang='lat' dir='ltr'>Alexandro,</span> <span class='ocrx_word' id='word_1_63' title='bbox 875 1241 936 1299; x_wconf 92' lang='lat' dir='ltr'>siue</span> <span class='ocrx_word' id='word_1_64' title='bbox 965 1239 1134 1316; x_wconf 87' lang='lat' dir='ltr'>gladiatorie</span> 
     </span>
     <span class='ocr_line' id='line_1_11' title="bbox 82 1337 644 1414; baseline 0.005 -20"><span class='ocrx_word' id='word_1_65' title='bbox 82 1355 184 1413; x_wconf 86' lang='lat' dir='ltr'>parem</span> <span class='ocrx_word' id='word_1_66' title='bbox 198 1337 357 1413; x_wconf 90' lang='lat' dir='ltr'>producere</span> <span class='ocrx_word' id='word_1_67' title='bbox 374 1355 502 1414; x_wconf 90' lang='lat' dir='ltr'>quocum</span> <span class='ocrx_word' id='word_1_68' title='bbox 516 1348 644 1397; x_wconf 88' lang='lat' dir='ltr'>certaret.</span> 
     </span>
    </p>
   </div>
   <div class='ocr_carea' id='block_1_4' title="bbox 83 1451 1135 2512">
    <p class='ocr_par' dir='ltr' id='par_1_6' title="bbox 83 1451 1135 2512">
     <span class='ocr_line' id='line_1_12' title="bbox 126 1451 641 1525; baseline 0 -14"><span class='ocrx_word' id='word_1_69' title='bbox 126 1451 178 1511; x_wconf 90' lang='lat' dir='ltr'>lV.</span> <span class='ocrx_word' id='word_1_70' title='bbox 196 1454 296 1525; x_wconf 85' lang='lat'>82-85</span> <span class='ocrx_word' id='word_1_71' title='bbox 311 1451 351 1511; x_wconf 92' lang='lat' dir='ltr'>sic</span> <span class='ocrx_word' id='word_1_72' title='bbox 367 1462 467 1511; x_wconf 87' lang='lat' dir='ltr'>extant</span> <span class='ocrx_word' id='word_1_73' title='bbox 481 1452 512 1510; x_wconf 89' lang='lat' dir='ltr'>in</span> <span class='ocrx_word' id='word_1_74' title='bbox 526 1451 641 1512; x_wconf 88' lang='lat' dir='ltr'>Gembl.</span> 
     </span>
     <span class='ocr_line' id='line_1_13' title="bbox 206 1550 985 1627; baseline 0.001 -18"><span class='ocrx_word' id='word_1_75' title='bbox 206 1550 286 1609; x_wconf 87' lang='lat' dir='ltr'>Ecce</span> <span class='ocrx_word' id='word_1_76' title='bbox 306 1561 419 1626; x_wconf 87' lang='lat' dir='ltr'>patrem</span> <span class='ocrx_word' id='word_1_77' title='bbox 441 1550 501 1609; x_wconf 88' lang='lat' dir='ltr'>nati</span> <span class='ocrx_word' id='word_1_78' title='bbox 523 1551 668 1627; x_wconf 88' lang='lat' dir='ltr'>perimunt</span> <span class='ocrx_word' id='word_1_79' title='bbox 689 1560 830 1626; x_wconf 86' lang='lat' dir='ltr'>natosque</span> <span class='ocrx_word' id='word_1_80' title='bbox 851 1562 985 1627; x_wconf 88' lang='lat' dir='ltr'>parentes</span> 
     </span>
     <span class='ocr_line' id='line_1_14' title="bbox 208 1648 931 1725; baseline 0.003 -19"><span class='ocrx_word' id='word_1_81' title='bbox 208 1648 370 1725; x_wconf 89' lang='lat' dir='ltr'>Mutuaque</span> <span class='ocrx_word' id='word_1_82' title='bbox 391 1649 492 1708; x_wconf 86' lang='lat' dir='ltr'>armati</span> <span class='ocrx_word' id='word_1_83' title='bbox 513 1658 619 1709; x_wconf 87' lang='lat' dir='ltr'>coeunt</span> <span class='ocrx_word' id='word_1_84' title='bbox 640 1649 669 1707; x_wconf 92' lang='lat' dir='ltr'>in</span> <span class='ocrx_word' id='word_1_85' title='bbox 690 1648 811 1707; x_wconf 89' lang='lat' dir='ltr'>uulnera</span> <span class='ocrx_word' id='word_1_86' title='bbox 831 1648 931 1708; x_wconf 88' lang='lat' dir='ltr'>fratres</span> 
     </span>
     <span class='ocr_line' id='line_1_15' title="bbox 208 1745 1100 1823; baseline -0.001 -17"><span class='ocrx_word' id='word_1_87' title='bbox 208 1745 278 1806; x_wconf 89' lang='lat' dir='ltr'>Non</span> <span class='ocrx_word' id='word_1_88' title='bbox 298 1759 430 1807; x_wconf 90' lang='lat' dir='ltr'>nostrum</span> <span class='ocrx_word' id='word_1_89' title='bbox 450 1747 507 1806; x_wconf 92' lang='lat' dir='ltr'>hoc</span> <span class='ocrx_word' id='word_1_90' title='bbox 528 1747 638 1806; x_wconf 90' lang='lat' dir='ltr'>bellum</span> <span class='ocrx_word' id='word_1_91' title='bbox 658 1757 702 1806; x_wconf 90' lang='lat' dir='ltr'>est</span> <span class='ocrx_word' id='word_1_92' title='bbox 722 1758 866 1823; x_wconf 89' lang='lat' dir='ltr'>coguntur</span> <span class='ocrx_word' id='word_1_93' title='bbox 887 1758 966 1806; x_wconf 90' lang='lat' dir='ltr'>tanta</span> <span class='ocrx_word' id='word_1_94' title='bbox 987 1747 1100 1806; x_wconf 90' lang='lat' dir='ltr'>moueri</span> 
     </span>
     <span class='ocr_line' id='line_1_16' title="bbox 208 1844 1001 1922; baseline -0.001 -18"><span class='ocrx_word' id='word_1_95' title='bbox 208 1845 302 1922; x_wconf 84' lang='lat' dir='ltr'>inque</span> <span class='ocrx_word' id='word_1_96' title='bbox 324 1863 390 1904; x_wconf 87' lang='lat' dir='ltr'>suas</span> <span class='ocrx_word' id='word_1_97' title='bbox 410 1845 477 1904; x_wconf 86' lang='lat' dir='ltr'>ferri</span> <span class='ocrx_word' id='word_1_98' title='bbox 497 1863 609 1922; x_wconf 90' lang='lat' dir='ltr'>poenas</span> <span class='ocrx_word' id='word_1_99' title='bbox 630 1844 840 1922; x_wconf 88' lang='lat' dir='ltr'>lacerandaque</span> <span class='ocrx_word' id='word_1_100' title='bbox 861 1848 1001 1905; x_wconf 86' lang='lat' dir='ltr'>membra.</span> 
     </span>
     <span class='ocr_line' id='line_1_17' title="bbox 127 1941 1135 2020; baseline 0 -17"><span class='ocrx_word' id='word_1_101' title='bbox 127 1948 166 2020; x_wconf 91' lang='grc'>83</span> <span class='ocrx_word' id='word_1_102' title='bbox 181 1945 293 2003; x_wconf 88' lang='lat' dir='ltr'>moueri</span> <span class='ocrx_word' id='word_1_103' title='bbox 309 1944 376 2004; x_wconf 83' lang='lat' dir='ltr'>Cur.</span> <span class='ocrx_word' id='word_1_104' title='bbox 411 1955 566 2004; x_wconf 89' lang='lat' dir='ltr'>mouentur</span> <span class='ocrx_word' id='word_1_105' title='bbox 584 1941 671 2004; x_wconf 67' lang='lat' dir='ltr'>Voss?</span> <span class='ocrx_word' id='word_1_106' title='bbox 705 1963 825 2003; x_wconf 90' lang='lat' dir='ltr'>mouere</span> <span class='ocrx_word' id='word_1_107' title='bbox 840 1945 896 2003; x_wconf 84' lang='lat' dir='ltr'>cod.</span> <span class='ocrx_word' id='word_1_108' title='bbox 908 1945 1074 2014; x_wconf 62' lang='lat' dir='ltr'>Parnasus,</span> <span class='ocrx_word' id='word_1_109' title='bbox 1086 1945 1135 2004; x_wconf 84' lang='lat' dir='ltr'>bo.</span> 
     </span>
     <span class='ocr_line' id='line_1_18' title="bbox 127 2042 1135 2119; baseline 0 -17"><span class='ocrx_word' id='word_1_110' title='bbox 127 2043 268 2102; x_wconf 88' lang='lat' dir='ltr'>Stoebero</span> <span class='ocrx_word' id='word_1_111' title='bbox 296 2042 456 2119; x_wconf 87' lang='lat' dir='ltr'>adstipulor</span> <span class='ocrx_word' id='word_1_112' title='bbox 484 2061 600 2114; x_wconf 83' lang='lat' dir='ltr'>mouere,</span> <span class='ocrx_word' id='word_1_113' title='bbox 625 2060 687 2101; x_wconf 90' lang='lat' dir='ltr'>non</span> <span class='ocrx_word' id='word_1_114' title='bbox 711 2044 825 2114; x_wconf 79' lang='lat' dir='ltr'>moueri,</span> <span class='ocrx_word' id='word_1_115' title='bbox 850 2043 1036 2102; x_wconf 89' lang='lat' dir='ltr'>scribendum</span> <span class='ocrx_word' id='word_1_116' title='bbox 1061 2061 1135 2102; x_wconf 88' lang='lat' dir='ltr'>esse.</span> 
     </span>
     <span class='ocr_line' id='line_1_19' title="bbox 86 2139 1134 2218; baseline 0.003 -18"><span class='ocrx_word' id='word_1_117' title='bbox 86 2141 209 2218; x_wconf 87' lang='lat' dir='ltr'>Saepius</span> <span class='ocrx_word' id='word_1_118' title='bbox 237 2141 293 2201; x_wconf 91' lang='lat' dir='ltr'>hoc</span> <span class='ocrx_word' id='word_1_119' title='bbox 322 2141 423 2200; x_wconf 91' lang='lat' dir='ltr'>uitium</span> <span class='ocrx_word' id='word_1_120' title='bbox 451 2139 571 2200; x_wconf 86' lang='lat' dir='ltr'>recurrit</span> <span class='ocrx_word' id='word_1_121' title='bbox 599 2140 629 2197; x_wconf 91' lang='lat' dir='ltr'>in</span> <span class='ocrx_word' id='word_1_122' title='bbox 658 2140 816 2213; x_wconf 87' lang='lat' dir='ltr'>codicibus,</span> <span class='ocrx_word' id='word_1_123' title='bbox 841 2160 900 2216; x_wconf 81' lang='lat' dir='ltr'>eg.</span> <span class='ocrx_word' id='word_1_124' title='bbox 922 2140 1026 2200; x_wconf 87' lang='lat' dir='ltr'>Catuli.</span> <span class='ocrx_word' id='word_1_125' title='bbox 1048 2140 1134 2202; x_wconf 86' lang='lat' dir='ltr'>lxviii.</span> 
     </span>
     <span class='ocr_line' id='line_1_20' title="bbox 88 2238 1135 2316; baseline -0.002 -18"><span class='ocrx_word' id='word_1_126' title='bbox 88 2259 146 2298; x_wconf 93' lang='lat'>110</span> <span class='ocrx_word' id='word_1_127' title='bbox 168 2239 284 2300; x_wconf 83' lang='lat' dir='ltr'>Sr&#39;ccarz&#39;</span> <span class='ocrx_word' id='word_1_128' title='bbox 308 2257 363 2316; x_wconf 92' lang='lat' dir='ltr'>pro</span> <span class='ocrx_word' id='word_1_129' title='bbox 385 2238 508 2299; x_wconf 82' lang='lat' dir='ltr'>Sr&#39;ccare.</span> <span class='ocrx_word' id='word_1_130' title='bbox 551 2238 597 2298; x_wconf 89' lang='lat' dir='ltr'>Sic</span> <span class='ocrx_word' id='word_1_131' title='bbox 618 2239 703 2296; x_wconf 85' lang='lat' dir='ltr'>Aetn.</span> <span class='ocrx_word' id='word_1_132' title='bbox 727 2258 784 2314; x_wconf 82' lang='lat'>294</span> <span class='ocrx_word' id='word_1_133' title='bbox 807 2239 897 2297; x_wconf 77' lang='lat' dir='ltr'>Pellz&#39;l</span> <span class='ocrx_word' id='word_1_134' title='bbox 919 2249 985 2315; x_wconf 80' lang='lat' dir='ltr'>opus</span> <span class='ocrx_word' id='word_1_135' title='bbox 1008 2241 1135 2298; x_wconf 85' lang='lat' dir='ltr'>collectus</span> 
     </span>
     <span class='ocr_line' id='line_1_21' title="bbox 83 2336 1134 2416; baseline -0.002 -18"><span class='ocrx_word' id='word_1_136' title='bbox 83 2359 174 2416; x_wconf 83' lang='lat' dir='ltr'>oquae</span> <span class='ocrx_word' id='word_1_137' title='bbox 201 2340 340 2414; x_wconf 59' lang='lat' dir='ltr'>metusque</span> <span class='ocrx_word' id='word_1_138' title='bbox 364 2339 471 2396; x_wconf 84' lang='lat' dir='ltr'>moueri</span> <span class='ocrx_word' id='word_1_139' title='bbox 491 2336 627 2414; x_wconf 82' lang='lat' dir='ltr'>Spiritus,</span> <span class='ocrx_word' id='word_1_140' title='bbox 652 2340 760 2396; x_wconf 81' lang='lat' dir='ltr'>moueri</span> <span class='ocrx_word' id='word_1_141' title='bbox 781 2339 860 2415; x_wconf 92' lang='lat' dir='ltr'>quod</span> <span class='ocrx_word' id='word_1_142' title='bbox 885 2337 994 2397; x_wconf 87' lang='lat' dir='ltr'>habent</span> <span class='ocrx_word' id='word_1_143' title='bbox 1017 2337 1134 2398; x_wconf 90' lang='lat' dir='ltr'>codices</span> 
     </span>
     <span class='ocr_line' id='line_1_22' title="bbox 84 2438 559 2512; baseline -0.002 -16"><span class='ocrx_word' id='word_1_144' title='bbox 84 2438 198 2497; x_wconf 90' lang='lat' dir='ltr'>uidetur</span> <span class='ocrx_word' id='word_1_145' title='bbox 212 2456 248 2497; x_wconf 87' lang='lat' dir='ltr'>ex</span> <span class='ocrx_word' id='word_1_146' title='bbox 256 2457 368 2496; x_wconf 71' lang='lat' dir='ltr'>vmouere</span> <span class='ocrx_word' id='word_1_147' title='bbox 382 2446 559 2512; x_wconf 90' lang='lat' dir='ltr'>corruptum.</span> 
     </span>
    </p>
   </div>
   <div class='ocr_carea' id='block_1_5' title="bbox 84 2551 1136 3516">
    <p class='ocr_par' dir='ltr' id='par_1_7' title="bbox 84 2551 1136 3516">
     <span class='ocr_line' id='line_1_23' title="bbox 126 2551 731 2628; baseline -0.002 -16"><span class='ocrx_word' id='word_1_148' title='bbox 126 2554 179 2613; x_wconf 91' lang='lat' dir='ltr'>IV.</span> <span class='ocrx_word' id='word_1_149' title='bbox 195 2555 293 2628; x_wconf 83' lang='lat'><strong>85-87</strong></span> <span class='ocrx_word' id='word_1_150' title='bbox 309 2553 349 2612; x_wconf 89' lang='lat' dir='ltr'>sic</span> <span class='ocrx_word' id='word_1_151' title='bbox 363 2561 430 2610; x_wconf 90' lang='lat' dir='ltr'>sunt</span> <span class='ocrx_word' id='word_1_152' title='bbox 446 2553 477 2609; x_wconf 92' lang='lat' dir='ltr'>in</span> <span class='ocrx_word' id='word_1_153' title='bbox 492 2551 608 2611; x_wconf 90' lang='lat' dir='ltr'>Gembl.</span> <span class='ocrx_word' id='word_1_154' title='bbox 620 2563 648 2610; x_wconf 93' lang='lat' dir='ltr'>et</span> <span class='ocrx_word' id='word_1_155' title='bbox 663 2551 731 2611; x_wconf 84' lang='lat' dir='ltr'>Cus</span> 
     </span>
     <span class='ocr_line' id='line_1_24' title="bbox 208 2649 1034 2723; baseline -0.001 -13"><span class='ocrx_word' id='word_1_156' title='bbox 208 2651 298 2723; x_wconf 90' lang='lat' dir='ltr'>Quod</span> <span class='ocrx_word' id='word_1_157' title='bbox 318 2651 415 2709; x_wconf 91' lang='lat' dir='ltr'>decios</span> <span class='ocrx_word' id='word_1_158' title='bbox 437 2669 497 2709; x_wconf 89' lang='lat' dir='ltr'>non</span> <span class='ocrx_word' id='word_1_159' title='bbox 518 2668 606 2710; x_wconf 92' lang='lat' dir='ltr'>omne</span> <span class='ocrx_word' id='word_1_160' title='bbox 628 2650 690 2709; x_wconf 90' lang='lat' dir='ltr'>tulit</span> <span class='ocrx_word' id='word_1_161' title='bbox 711 2669 772 2708; x_wconf 89' lang='lat' dir='ltr'>non</span> <span class='ocrx_word' id='word_1_162' title='bbox 793 2668 882 2709; x_wconf 92' lang='lat' dir='ltr'>omne</span> <span class='ocrx_word' id='word_1_163' title='bbox 903 2649 1034 2709; x_wconf 87' lang='lat' dir='ltr'>camillos</span> 
     </span>
     <span class='ocr_line' id='line_1_25' title="bbox 209 2747 957 2826; baseline -0.003 -18"><span class='ocrx_word' id='word_1_164' title='bbox 209 2750 342 2826; x_wconf 88' lang='lat' dir='ltr'>Tempus</span> <span class='ocrx_word' id='word_1_165' title='bbox 362 2757 391 2808; x_wconf 92' lang='lat' dir='ltr'>et</span> <span class='ocrx_word' id='word_1_166' title='bbox 411 2749 519 2807; x_wconf 85' lang='lat' dir='ltr'>inuicta</span> <span class='ocrx_word' id='word_1_167' title='bbox 539 2747 685 2807; x_wconf 90' lang='lat' dir='ltr'>deuictum</span> <span class='ocrx_word' id='word_1_168' title='bbox 707 2759 800 2807; x_wconf 93' lang='lat' dir='ltr'>morte</span> <span class='ocrx_word' id='word_1_169' title='bbox 822 2758 957 2807; x_wconf 86' lang='lat' dir='ltr'>catonem</span> 
     </span>
     <span class='ocr_line' id='line_1_26' title="bbox 208 2847 948 2923; baseline -0.001 -17"><span class='ocrx_word' id='word_1_170' title='bbox 208 2847 346 2906; x_wconf 89' lang='lat' dir='ltr'>Materies</span> <span class='ocrx_word' id='word_1_171' title='bbox 366 2847 397 2904; x_wconf 91' lang='lat' dir='ltr'>in</span> <span class='ocrx_word' id='word_1_172' title='bbox 417 2865 479 2905; x_wconf 89' lang='lat' dir='ltr'>rem</span> <span class='ocrx_word' id='word_1_173' title='bbox 500 2855 616 2922; x_wconf 88' lang='lat' dir='ltr'>superat</span> <span class='ocrx_word' id='word_1_174' title='bbox 638 2847 690 2904; x_wconf 92' lang='lat' dir='ltr'>sed</span> <span class='ocrx_word' id='word_1_175' title='bbox 710 2847 775 2922; x_wconf 89' lang='lat' dir='ltr'>lege</span> <span class='ocrx_word' id='word_1_176' title='bbox 797 2857 948 2923; x_wconf 88' lang='lat' dir='ltr'>repugnat.</span> 
     </span>
     <span class='ocr_line' id='line_1_27' title="bbox 127 2944 1136 3029; baseline -0.001 -23"><span class='ocrx_word' id='word_1_177' title='bbox 127 2949 165 3007; x_wconf 90' lang='lat'>86</span> <span class='ocrx_word' id='word_1_178' title='bbox 181 2948 222 3005; x_wconf 87' lang='lat' dir='ltr'>sic</span> <span class='ocrx_word' id='word_1_179' title='bbox 243 2944 329 3006; x_wconf 68' lang='lat' dir='ltr'>Voss.²</span> <span class='ocrx_word' id='word_1_180' title='bbox 340 2953 367 3004; x_wconf 83' lang='lat' dir='ltr'>et</span> <span class='ocrx_word' id='word_1_181' title='bbox 376 2946 459 3021; x_wconf 66' lang='lat' dir='ltr'>Lrps.</span> <span class='ocrx_word' id='word_1_182' title='bbox 474 2945 613 3029; x_wconf 75' lang='lat' dir='ltr'>inuictum</span> <span class='ocrx_word' id='word_1_183' title='bbox 633 2944 746 3003; x_wconf 90' lang='lat' dir='ltr'>deuicta</span> <span class='ocrx_word' id='word_1_184' title='bbox 760 2944 776 3003; x_wconf 87' lang='lat' dir='ltr'><em>b</em></span> <span class='ocrx_word' id='word_1_185' title='bbox 794 2946 881 3003; x_wconf 86' lang='lat' dir='ltr'>etiam</span> <span class='ocrx_word' id='word_1_186' title='bbox 895 2945 1004 3004; x_wconf 88' lang='lat' dir='ltr'>uictum</span> <span class='ocrx_word' id='word_1_187' title='bbox 1018 2944 1136 3005; x_wconf 90' lang='lat' dir='ltr'>deuicta</span> 
     </span>
     <span class='ocr_line' id='line_1_28' title="bbox 85 3041 1134 3115; baseline -0.006 -9"><span class='ocrx_word' id='word_1_188' title='bbox 85 3067 100 3106; x_wconf 89' lang='lat' dir='ltr'>o</span> <span class='ocrx_word' id='word_1_189' title='bbox 117 3046 208 3105; x_wconf 88' lang='lat' dir='ltr'>inuita</span> <span class='ocrx_word' id='word_1_190' title='bbox 225 3045 372 3104; x_wconf 88' lang='lat' dir='ltr'>deuictum</span> <span class='ocrx_word' id='word_1_191' title='bbox 392 3053 485 3102; x_wconf 88' lang='lat' dir='ltr'>morte</span> <span class='ocrx_word' id='word_1_192' title='bbox 499 3043 644 3102; x_wconf 88' lang='lat' dir='ltr'>Catonem</span> <span class='ocrx_word' id='word_1_193' title='bbox 658 3041 856 3100; x_wconf 83' lang='lat' dir='ltr'>Marklandus</span> <span class='ocrx_word' id='word_1_194' title='bbox 875 3044 917 3101; x_wconf 88' lang='lat' dir='ltr'>ad</span> <span class='ocrx_word' id='word_1_195' title='bbox 928 3042 1048 3115; x_wconf 62' lang='lat' dir='ltr'>Statu.</span> <span class='ocrx_word' id='word_1_196' title='bbox 1062 3045 1089 3102; x_wconf 91' lang='lat' dir='ltr'>ii.</span> <span class='ocrx_word' id='word_1_197' title='bbox 1107 3047 1134 3101; x_wconf 91' lang='lat'>6.</span> 
     </span>
     <span class='ocr_line' id='line_1_29' title="bbox 88 3140 1133 3221; baseline -0.008 -17"><span class='ocrx_word' id='word_1_198' title='bbox 88 3148 125 3221; x_wconf 83' lang='lat'>76</span> <span class='ocrx_word' id='word_1_199' title='bbox 147 3146 241 3203; x_wconf 84' lang='lat' dir='ltr'>adlato</span> <span class='ocrx_word' id='word_1_200' title='bbox 253 3143 324 3202; x_wconf 87' lang='lat' dir='ltr'>Luc.</span> <span class='ocrx_word' id='word_1_201' title='bbox 339 3142 375 3200; x_wconf 88' lang='lat' dir='ltr'>vi.</span> <span class='ocrx_word' id='word_1_202' title='bbox 391 3155 449 3216; x_wconf 84' lang='lat'>530</span> <span class='ocrx_word' id='word_1_203' title='bbox 459 3143 541 3219; x_wconf 78' lang='lat' dir='ltr'>salt&#39;s</span> <span class='ocrx_word' id='word_1_204' title='bbox 561 3141 716 3200; x_wconf 79' lang='lat' dir='ltr'>debentibus</span> <span class='ocrx_word' id='word_1_205' title='bbox 735 3161 822 3199; x_wconf 85' lang='lat' dir='ltr'>annos</span> <span class='ocrx_word' id='word_1_206' title='bbox 840 3140 927 3199; x_wconf 84' lang='lat' dir='ltr'>Mors</span> <span class='ocrx_word' id='word_1_207' title='bbox 945 3144 1036 3200; x_wconf 73' lang='lat' dir='ltr'>titurio</span> <span class='ocrx_word' id='word_1_208' title='bbox 1053 3143 1133 3200; x_wconf 81' lang='lat' dir='ltr'>subz&#39;l.</span> 
     </span>
     <span class='ocr_line' id='line_1_30' title="bbox 84 3238 1132 3316; baseline -0.004 -14"><span class='ocrx_word' id='word_1_209' title='bbox 84 3243 166 3302; x_wconf 87' lang='lat' dir='ltr'>Num</span> <span class='ocrx_word' id='word_1_210' title='bbox 182 3243 322 3301; x_wconf 88' lang='lat' dir='ltr'>inuictum</span> <span class='ocrx_word' id='word_1_211' title='bbox 335 3241 412 3300; x_wconf 83' lang='lat' dir='ltr'>uicta</span> <span class='ocrx_word' id='word_1_212' title='bbox 427 3241 464 3300; x_wconf 89' lang='lat' dir='ltr'>de</span> <span class='ocrx_word' id='word_1_213' title='bbox 478 3249 572 3298; x_wconf 91' lang='lat' dir='ltr'>morte</span> <span class='ocrx_word' id='word_1_214' title='bbox 587 3238 751 3298; x_wconf 85' lang='lat' dir='ltr'>Catonem?</span> <span class='ocrx_word' id='word_1_215' title='bbox 795 3242 831 3313; x_wconf 84' lang='lat'>87</span> <span class='ocrx_word' id='word_1_216' title='bbox 848 3258 894 3297; x_wconf 91' lang='lat' dir='ltr'>res</span> <span class='ocrx_word' id='word_1_217' title='bbox 908 3239 1132 3316; x_wconf 81' lang='lat' dir='ltr'>iegeBentler&#39;ur.</span> 
     </span>
     <span class='ocr_line' id='line_1_31' title="bbox 127 3338 1133 3415; baseline -0.005 -16"><span class='ocrx_word' id='word_1_218' title='bbox 127 3340 218 3413; x_wconf 90' lang='lat' dir='ltr'>Quod</span> <span class='ocrx_word' id='word_1_219' title='bbox 239 3340 275 3399; x_wconf 91' lang='lat' dir='ltr'>de</span> <span class='ocrx_word' id='word_1_220' title='bbox 296 3339 463 3399; x_wconf 90' lang='lat' dir='ltr'>coniectura</span> <span class='ocrx_word' id='word_1_221' title='bbox 482 3338 566 3415; x_wconf 92' lang='lat' dir='ltr'>posui</span> <span class='ocrx_word' id='word_1_222' title='bbox 587 3340 722 3396; x_wconf 60' lang='lat' dir='ltr'>rouretum</span> <span class='ocrx_word' id='word_1_223' title='bbox 746 3339 821 3395; x_wconf 82' lang='lat' dir='ltr'>uicta</span> <span class='ocrx_word' id='word_1_224' title='bbox 842 3338 874 3395; x_wconf 86' lang='lat' dir='ltr'>de</span> <span class='ocrx_word' id='word_1_225' title='bbox 895 3345 980 3396; x_wconf 83' lang='lat' dir='ltr'>morte</span> <span class='ocrx_word' id='word_1_226' title='bbox 1002 3338 1133 3398; x_wconf 82' lang='lat' dir='ltr'>Catonem</span> 
     </span>
     <span class='ocr_line' id='line_1_32' title="bbox 86 3435 1134 3516; baseline -0.005 -19"><span class='ocrx_word' id='word_1_227' title='bbox 86 3438 155 3498; x_wconf 87' lang='lat' dir='ltr'>hinc</span> <span class='ocrx_word' id='word_1_228' title='bbox 172 3440 312 3516; x_wconf 86' lang='lat' dir='ltr'>putabam</span> <span class='ocrx_word' id='word_1_229' title='bbox 328 3437 466 3514; x_wconf 85' lang='lat' dir='ltr'>explicari</span> <span class='ocrx_word' id='word_1_230' title='bbox 482 3437 585 3494; x_wconf 91' lang='lat' dir='ltr'>uitium</span> <span class='ocrx_word' id='word_1_231' title='bbox 599 3454 659 3514; x_wconf 94' lang='lat' dir='ltr'>quo</span> <span class='ocrx_word' id='word_1_232' title='bbox 673 3435 790 3493; x_wconf 87' lang='lat' dir='ltr'>Gembl.</span> <span class='ocrx_word' id='word_1_233' title='bbox 807 3446 835 3493; x_wconf 89' lang='lat' dir='ltr'>et</span> <span class='ocrx_word' id='word_1_234' title='bbox 854 3436 999 3494; x_wconf 88' lang='lat' dir='ltr'>ueterrimi</span> <span class='ocrx_word' id='word_1_235' title='bbox 1017 3435 1134 3495; x_wconf 88' lang='lat' dir='ltr'>codices</span> 
     </span>
    </p>
   </div>
   <div class='ocr_carea' id='block_1_6' title="bbox 85 3535 911 3697">
    <p class='ocr_par' dir='ltr' id='par_1_8' title="bbox 85 3535 911 3697">
     <span class='ocr_line' id='line_1_33' title="bbox 85 3535 523 3613; baseline -0.011 -17"><span class='ocrx_word' id='word_1_236' title='bbox 85 3538 228 3598; x_wconf 86' lang='lat' dir='ltr'>laborant.</span> <span class='ocrx_word' id='word_1_237' title='bbox 271 3537 416 3613; x_wconf 90' lang='lat' dir='ltr'>Scriptum</span> <span class='ocrx_word' id='word_1_238' title='bbox 432 3535 523 3592; x_wconf 86' lang='lat' dir='ltr'>fuerat</span> 
     </span>
     <span class='ocr_line' id='line_1_34' title="bbox 210 3627 911 3697; baseline -0.006 -8"><span class='ocrx_word' id='word_1_239' title='bbox 210 3632 241 3690; x_wconf 89' lang='lat' dir='ltr'>in</span> <span class='ocrx_word' id='word_1_240' title='bbox 262 3631 370 3690; x_wconf 91' lang='lat' dir='ltr'>uictum</span> <span class='ocrx_word' id='word_1_241' title='bbox 391 3629 467 3687; x_wconf 86' lang='lat' dir='ltr'>uicta</span> <span class='ocrx_word' id='word_1_242' title='bbox 488 3628 524 3686; x_wconf 91' lang='lat' dir='ltr'>de</span> <span class='ocrx_word' id='word_1_243' title='bbox 545 3639 639 3687; x_wconf 91' lang='lat' dir='ltr'>morte</span> <span class='ocrx_word' id='word_1_244' title='bbox 660 3627 804 3687; x_wconf 88' lang='lat' dir='ltr'>Catonem</span> <span class='ocrx_word' id='word_1_245' title='bbox 909 3693 911 3697; x_wconf 11' lang='grc' dir='ltr'><em>Α</em></span> 
     </span>
    </p>
   </div>
   <div class='ocr_carea' id='block_1_7' title="bbox 87 3725 1133 3804">
    <p class='ocr_par' dir='ltr' id='par_1_9' title="bbox 87 3725 1133 3804">
     <span class='ocr_line' id='line_1_35' title="bbox 87 3725 1133 3804; baseline -0.006 -15"><span class='ocrx_word' id='word_1_246' title='bbox 87 3749 158 3789; x_wconf 85' lang='lat' dir='ltr'>mox</span> <span class='ocrx_word' id='word_1_247' title='bbox 173 3732 276 3788; x_wconf 84' lang='lat' dir='ltr'>uz&#39;ctum</span> <span class='ocrx_word' id='word_1_248' title='bbox 294 3738 362 3786; x_wconf 88' lang='lat' dir='ltr'>ante</span> <span class='ocrx_word' id='word_1_249' title='bbox 381 3729 455 3785; x_wconf 81' lang='lat' dir='ltr'>uicta</span> <span class='ocrx_word' id='word_1_250' title='bbox 475 3726 625 3800; x_wconf 90' lang='lat' dir='ltr'>omissum,</span> <span class='ocrx_word' id='word_1_251' title='bbox 640 3744 726 3804; x_wconf 90' lang='lat' dir='ltr'>super</span> <span class='ocrx_word' id='word_1_252' title='bbox 743 3727 849 3785; x_wconf 85' lang='lat' dir='ltr'>lineam</span> <span class='ocrx_word' id='word_1_253' title='bbox 867 3726 1011 3802; x_wconf 90' lang='lat' dir='ltr'>supplerat</span> <span class='ocrx_word' id='word_1_254' title='bbox 1029 3725 1133 3795; x_wconf 85' lang='lat' dir='ltr'>scriba,</span> 
     </span>
    </p>
   </div>
   <div class='ocr_carea' id='block_1_8' title="bbox 87 3827 1133 3968">
    <p class='ocr_par' dir='ltr' id='par_1_10' title="bbox 87 3827 1133 3968">
     <span class='ocr_line' id='line_1_36' title="bbox 172 3827 269 3875; baseline -0.01 0"><span class='ocrx_word' id='word_1_255' title='bbox 172 3827 269 3875; x_wconf 84' lang='lat' dir='ltr'>uictum</span> 
     </span>
     <span class='ocr_line' id='line_1_37' title="bbox 87 3889 1133 3968; baseline -0.006 -14"><span class='ocrx_word' id='word_1_256' title='bbox 87 3895 128 3954; x_wconf 90' lang='lat' dir='ltr'>sic</span> <span class='ocrx_word' id='word_1_257' title='bbox 152 3897 182 3953; x_wconf 84' lang='lat' dir='ltr'>in</span> <span class='ocrx_word' id='word_1_258' title='bbox 206 3896 280 3952; x_wconf 79' lang='lat' dir='ltr'>ur&#39;cla</span> <span class='ocrx_word' id='word_1_259' title='bbox 303 3894 335 3950; x_wconf 83' lang='lat' dir='ltr'>de</span> <span class='ocrx_word' id='word_1_260' title='bbox 358 3898 443 3950; x_wconf 81' lang='lat' dir='ltr'>morte</span> <span class='ocrx_word' id='word_1_261' title='bbox 451 3912 466 3961; x_wconf 90' lang='lat'>,·</span> <span class='ocrx_word' id='word_1_262' title='bbox 499 3889 565 3951; x_wconf 91' lang='lat' dir='ltr'>hinc</span> <span class='ocrx_word' id='word_1_263' title='bbox 591 3891 770 3968; x_wconf 84' lang='lat' dir='ltr'>transpositis</span> <span class='ocrx_word' id='word_1_264' title='bbox 791 3890 888 3952; x_wconf 90' lang='lat' dir='ltr'>uerbis</span> <span class='ocrx_word' id='word_1_265' title='bbox 908 3889 1016 3949; x_wconf 89' lang='lat' dir='ltr'>sactum</span> <span class='ocrx_word' id='word_1_266' title='bbox 1037 3898 1080 3948; x_wconf 88' lang='lat' dir='ltr'>est</span> <span class='ocrx_word' id='word_1_267' title='bbox 1101 3890 1133 3948; x_wconf 83' lang='lat' dir='ltr'>in</span> 
     </span>
    </p>
   </div>
   <div class='ocr_carea' id='block_1_9' title="bbox 0 0 1389 4448">
    <p class='ocr_par' dir='ltr' id='par_1_11' title="bbox 0 0 1389 4448">
     <span class='ocr_line' id='line_1_38' title="bbox 0 0 1389 4448; baseline 0 0"><span class='ocrx_word' id='word_1_268' title='bbox 0 0 1389 4448; x_wconf 95' lang='lat' dir='ltr'> </span> 
     </span>
    </p>
   </div>
  </div>
 </body>
</html>
