2760 4448
613 237 649 288 17
1111 246 1153 312 39

104 396 314 458 restituendum
342 397 464 458 credidit
489 397 541 456 ubi
570 395 649 456 MSS
675 397 781 455 discors
809 395 953 468 exhibent,
980 416 1041 459 non
1066 397 1154 458 dubie

103 497 242 573 scriptum
262 507 306 555 est
324 497 361 555 ab
379 488 488 556 Ouidio
505 496 572 553 Am.
589 494 615 554 ii.
634 514 679 555 12.
698 515 730 554 ιι
750 496 794 554 Ar
811 516 869 555 mea
888 499 1004 574 seposita
1020 503 1101 556 estet
1117 496 1152 556 ab

102 597 183 654 omui
202 597 288 653 miliia
312 597 418 653 dissors
446 594 568 654 Gloria:
596 595 637 654 sic
658 595 737 654 enim
758 594 895 653 traditum
919 604 963 655 est
988 596 1018 653 in
1041 595 1153 673 optimo

102 693 204 753 codice
224 692 384 752 Puteaneo.

143 790 182 850 11.
199 809 266 862 221,
284 809 299 849 2
322 792 363 850 sic
378 800 477 850 extant
492 790 521 848 in
539 789 658 850 Gembl.

226 888 300 947 Sunt
321 889 428 966 quibus
449 906 513 947 esse
535 889 638 947 diurna
658 887 752 965 placet
772 906 848 965 quae
870 888 999 948 mascula
1021 899 1142 965 surgunt

222 985 361 1047 Feminea
383 989 413 1045 in
434 999 552 1046 noctem
574 987 641 1045 tutis
661 987 788 1063 gaudere
810 988 945 1046 tenebris.
1005 986 1008 991 ’

141 1083 280 1144 Feminea
300 1084 330 1142 in
350 1086 426 1144 codd.
447 1084 616 1144 Femineam
638 1083 768 1162 Scaliger
788 1095 896 1145 sortem
917 1084 1009 1144 Bentl.
1049 1085 1151 1146 tuteris

108 1181 194 1242 Voss.²
235 1203 274 1242 au
288 1183 395 1243 tuteis?

23 1360 26 1367 Ι
140 1279 274 1339 Feminea
298 1283 329 1339 iu
353 1281 469 1340 codices
490 1279 652 1340 Femineam
675 1281 814 1357 Scaliger,
837 1282 946 1358 optime
971 1300 1020 1342 me
1043 1282 1149 1344 iudice.

99 1376 178 1437 Nam
187 1381 216 1437 iu
225 1385 325 1438 noctem
335 1379 462 1455 gaudere
477 1379 610 1438 dicuntur
621 1380 727 1456 quibus
738 1381 922 1456 propositum
935 1391 980 1439 est
990 1390 1051 1440 tota
1062 1390 1148 1442 nocte

98 1478 233 1554 gaudere,
242 1487 275 1535 ut
289 1477 326 1537 de
339 1477 444 1553 apibus
461 1477 532 1536 dixit
541 1478 688 1554 Vergilius
703 1477 741 1538 G.
752 1479 787 1536 iv.
803 1482 858 1553 189
871 1480 969 1536 siletur
983 1477 1022 1536 Iu
1036 1487 1146 1538 eraclam.

97 1576 137 1634 At
148 1575 218 1633 nihil
227 1575 273 1634 hic
288 1575 350 1634 uult
360 1575 498 1634 Manilius
507 1577 561 1634 nisi
574 1577 656 1653 signa
668 1578 769 1636 diurna
780 1595 797 1634 a
808 1577 953 1635 nonnullis
963 1577 1060 1635 haberi
1072 1596 1148 1654 quae

96 1674 236 1746 mascula,
246 1684 390 1733 nocturna
401 1684 499 1734 autem
509 1693 585 1752 quae
595 1675 720 1734 feminea
732 1677 788 1734 sint
800 1696 806 1733 :
826 1676 921 1752 itaque
931 1694 992 1733 non
1003 1676 1090 1734 habet
1100 1675 1147 1734 hic

95 1772 194 1832 locum
207 1773 386 1848 praepositio
396 1775 435 1832 ia.
461 1772 620 1831 Femineam
633 1781 733 1833 noctem
745 1775 812 1831 tuiis
817 1775 942 1850 gaudere
951 1775 1066 1833 tenebris
1076 1793 1147 1834 con·

96 1871 216 1929 tractius
242 1871 353 1930 dictum
376 1891 431 1948 pro
456 1871 648 1931 femineorum
670 1873 821 1948 signorum
843 1882 962 1931 noctem
983 1891 1055 1944 esse,
1077 1874 1147 1950 quia

96 1969 243 2045 gaudeant
265 1970 398 2042 tenebris,
420 1979 452 2028 ut
474 1970 641 2030 infirmiora.
685 1967 764 2050 [Nisi
787 1969 860 2029 forte
883 1971 948 2047 quis
972 1969 1029 2030 hoc
1058 1970 1144 2044 dicat,

95 2066 173 2125 idern
198 2087 262 2128 esse
287 2071 318 2126 iu
341 2075 443 2128 noctem
465 2070 592 2146 gaudere
619 2068 699 2146 quod
728 2068 854 2127 Firmico
880 2068 903 2126 1.
929 2082 944 2143 7
962 2078 1018 2144 per
1044 2077 1145 2129 noctem

90 2167 239 2242 gaudere:
259 2167 296 2225 de
311 2185 372 2244 quo
386 2161 514 2246 haereo]

137 2262 177 2322 11.
193 2283 332 2340 ago-233
355 2267 396 2324 sic
411 2263 527 2324 Gembl.
543 2264 658 2324 tradidit

138 2372 198 2439 ²30
220 2363 294 2422 Sunt
315 2364 402 2423 etiam
424 2364 536 2423 mediae
557 2364 629 2439 legis
651 2365 820 2424 communia
841 2365 926 2439 signa

217 2461 381 2539 Ambiguus
404 2471 495 2520 terrae
517 2461 713 2538 Capricornus
734 2461 880 2539 Aquarius
902 2461 987 2520 undis

216 2560 346 2638 Parsque
367 2560 480 2619 marina
500 2561 596 2619 nitens
617 2560 764 2619 lundensis
785 2578 901 2636 semper
923 2560 1024 2639 aquari

217 2657 350 2718 Humida
369 2660 490 2718 terrenis
511 2668 597 2736 atque
618 2659 658 2716 illi
680 2659 784 2734 degere
805 2660 904 2716 mixta.

136 2774 193 2832 23²
209 2756 321 2835 aquarii
337 2755 405 2815 Cus.
420 2775 562 2834 aquarum
583 2755 669 2815 vossi
683 2757 721 2835 ff
737 2759 794 2829 464
810 2756 861 2814 ubi
874 2777 889 2815 a
902 2755 983 2815 isabel
994 2755 1142 2816 fundentis

91 2872 242 2931 aquarum,
256 2855 383 2932 plerique
401 2855 520 2931 aquarii.
562 2854 690 2932 Parsque
709 2855 782 2913 mari
801 2855 896 2912 nitens
913 2853 1049 2930 Scaliger,
1071 2855 1145 2930 quad

90 2952 259 3012 Bullraldus
278 2955 311 3012 ale
330 2973 417 3029 aquea
431 2959 516 3030 parte
536 2953 666 3029 Aquarii
682 2954 741 3011 siue
760 2973 792 3010 ea
808 2960 891 3028 parte
910 2955 991 3027 sigui
1005 2955 1064 3011 erus
1085 2972 1141 3028 qua

90 3053 186 3110 latices
198 3070 238 3111 ex
254 3071 329 3110 urna
346 3052 463 3129 effundit
478 3061 555 3126 passe
574 3052 720 3129 explicari
734 3058 816 3109 ratus
831 3058 878 3124 esi,
893 3050 1016 3109 Huetius
1033 3051 1065 3108 de
1082 3053 1140 3127 ipsa

90 3150 223 3226 Aquario
250 3152 372 3208 calcante
399 3149 449 3232 sub
473 3150 588 3225 pedibus
612 3169 701 3225 aquas
725 3168 794 3224 quae
822 3168 861 3208 ex
888 3168 964 3207 urna
984 3150 1140 3227 profluant.

90 3247 236 3307 Beuila'us
254 3268 281 3306 u.
300 3249 482 3325 deprauaium
502 3253 581 3306 etex
598 3249 655 3306 loca
674 3248 731 3306 alia
749 3253 812 3306 aute
833 3246 886 3306 IV.
909 3266 977 3323 490,
999 3247 1051 3305 ubi
1067 3265 1141 3305 nuuc

90 3365 145 3405 nou
158 3353 246 3419 extat,
257 3347 391 3405 tralatum
399 3347 526 3422 putabat.
564 3345 615 3405 An
626 3346 756 3423 Parsque
771 3346 884 3407 marina
898 3347 994 3404 nitens
1007 3343 1139 3404 fundenti

89 3463 206 3522 semper
224 3447 388 3522 aquarum?
431 3463 488 3519 233
511 3443 643 3504 Humida
661 3451 671 3501 i
687 3445 761 3503 tenis
783 3443 851 3503 Cus.
871 3453 958 3521 atque
974 3443 1014 3501 illi
1034 3443 1139 3518 degere

88 3544 172 3602 elram
190 3542 258 3603 Cus.
280 3542 365 3604 Voss.¹
380 3563 395 3602 o
411 3543 464 3603 illis
478 3543 576 3620 digere
598 3541 685 3603 Voss.²

131 3639 224 3700 Recte
237 3641 352 3701 uidetur
361 3641 487 3701 Huetius
500 3641 531 3702 id
542 3641 621 3719 quod
633 3641 749 3701 codices
760 3639 869 3701 habent
882 3641 1013 3716 Parsque
1024 3641 1138 3698 marma

88 3741 179 3799 ualens
193 3741 279 3800 tutari
292 3751 392 3800 contra
407 3741 544 3818 Scaligeri
561 3741 796 3800 emendationem
814 3741 947 3816 Parsque
961 3741 1039 3796 mari
1050 3738 1138 3796 ur'tsns

88 3856 157 3898 cum
172 3857 209 3898 ex
225 3842 283 3911 406
303 3839 435 3898 Piscibus
453 3839 609 3916 Erigonen,
625 3839 776 3917 queuique
798 3840 939 3914 Vruaeque
954 3836 1070 3895 Leonem
1086 3854 1136 3914 ap-
