2760 4448
163 294 204 340 10
473 288 621 338 NOCTES
640 287 890 338 MANILIANAE

164 478 221 539 427
242 464 330 523 colles
347 463 415 524 Cur.
428 469 454 522 et
473 462 604 522 Vosstbnz‘
618 463 694 522 tollis
708 482 731 534 o,
746 465 817 522 unde
829 463 888 524 tolli
892 463 1024 543 sortasse
1036 461 1215 523 scabendum

162 569 208 620 est.

202 661 260 720 Vu.
275 663 343 734 428,
359 680 376 736 9
398 659 545 719 Bentleius
565 659 679 736 spurios
699 658 806 732 habuit,
821 659 990 740 habentque
1011 680 1084 722 sane
1104 659 1211 721 nescio

161 759 233 837 quid
251 759 347 819 scabri
367 771 399 817 ut
418 759 553 834 leguntur
573 759 604 816 in
625 756 749 832 Gembl.,
765 760 818 817 etsi
838 760 941 820 iniuria
961 761 1029 821 huic
1050 760 1215 836 imputatur

160 864 264 917 coactos
282 875 334 934 pro
355 863 468 916 creator.
510 855 568 915 Sed
587 867 630 915 est
648 856 730 915 locus
751 856 798 917 hic
820 878 856 917 ex
877 860 919 918 eis
939 861 990 936 qui
1009 878 1066 936 ope
1086 857 1215 917 aliorum

161 956 296 1016 codicum
317 956 430 1032 possint
450 955 540 1014 sicin
561 955 664 1013 melius
685 955 795 1032 refingi,
811 966 842 1015 ut
864 955 997 1030 Manilio,
1014 975 1076 1016 non
1097 956 1214 1033 optimo

162 1064 259 1132 poeta,
278 1055 335 1113 sint
357 1054 458 1113 saltem
481 1073 541 1114 non
565 1053 685 1129 indigni.
728 1053 858 1114 Primum
880 1057 960 1116 enim
980 1055 1063 1134 quod
1083 1062 1216 1132 praestat

161 1152 277 1212 Gembl.
295 1154 369 1224 alz'z’s,
389 1170 449 1210 non
470 1152 556 1211 debet
574 1152 676 1211 cedere
694 1152 810 1211 lectioni
829 1153 938 1213 Cusani
956 1164 985 1214 et
999 1152 1099 1214 Voss?
1116 1154 1214 1218 alior,·

163 1251 277 1328 planius
301 1251 366 1319 hoc,
390 1251 461 1309 illud
489 1251 651 1328 quaesitius.
693 1250 807 1312 Deinde
834 1254 914 1311 colles
933 1253 1052 1330 quidem
1077 1261 1158 1312 extat
1180 1251 1213 1308 in

164 1348 280 1408 Gembl.
295 1359 323 1408 et
337 1349 501 1427 plerisque3
523 1349 574 1407 sed
588 1349 675 1408 habet
689 1350 782 1408 codex
803 1350 926 1427 Collegii
941 1350 1082 1428 Corporis
1104 1348 1216 1408 Christi

163 1450 246 1520 tollzi,
259 1447 338 1507 unde
358 1448 486 1507 emendo
507 1449 574 1506 tolli.
616 1446 691 1506 Mox
705 1454 732 1504 el
745 1456 829 1523 rupta
845 1449 958 1508 uidetur
973 1458 1145 1525 corruptum
1159 1465 1216 1523 pro

165 1566 204 1605 ex
217 1554 310 1622 rupto,
324 1547 407 1605 cuius
422 1545 636 1622 deprauationis
651 1545 706 1604 alia
720 1547 778 1603 iam
798 1548 934 1623 exempla
954 1548 1088 1606 uidimus.
1131 1546 1218 1604 Post·

164 1663 255 1717 remo,
271 1654 302 1704 ut
315 1645 353 1704 ad
368 1645 396 1702 id
410 1645 528 1702 ueniam
547 1644 627 1720 quod
641 1654 683 1703 est
700 1645 730 1702 in
748 1644 793 1703 his
812 1646 945 1704 uersibus
962 1647 1131 1722 pessimum,
1146 1644 1218 1703 satis

165 1742 290 1804 Manilio
301 1744 478 1803 consulueris
493 1744 517 1801 si
532 1762 586 1819 pro
596 1745 674 1800 uultu
684 1744 834 1820 scripseris
845 1746 951 1802 uultum
963 1744 1045 1822 quod
1055 1738 1217 1803 Stoeberus
1289 1794 1291 1800 .

164 1851 283 1901 testatur
297 1842 326 1900 in
341 1842 442 1901 codice
457 1840 601 1918 Lipsiensi
615 1842 792 1918 adscriptum
808 1853 916 1901 extare.

207 1940 253 1999 Ex
269 1940 312 1999 his
327 1950 448 2016 apparet
462 1959 523 1999 non
537 1939 731 2016 recipiendam
752 1959 815 1999 esse
837 1940 960 1999 Bentleii
980 1938 1218 1999 emendationem

166 2041 420 2098 uz‘cr'nas-moles:
443 2056 622 2116 quamquam
636 2038 697 2114 ipse
712 2056 773 2097 non
788 2038 929 2098 dubitauit
943 2039 1011 2098 huic
1026 2039 1067 2097 sic
1083 2038 1218 2096 insistere

166 2149 198 2196 ut
216 2157 335 2197 causam
355 2138 423 2196 inde
444 2139 561 2196 duceret
579 2155 628 2195 uu.
646 2140 714 2210 428,
732 2159 749 2213 9
768 2137 969 2213 impugnandi.
1012 2137 1073 2210 Qui
1088 2136 1111 2196 si
1126 2136 1219 2212 spurii

166 2248 242 2308 sunt,
257 2247 288 2294 ut
302 2245 424 2312 possunt
438 2254 509 2307 esse,
524 2236 594 2293 satis
611 2254 648 2293 ex
663 2253 694 2292 se
709 2235 819 2294 habent
833 2255 885 2294 cur
899 2236 1096 2306 damnentur;
1119 2252 1219 2312 neque

166 2334 204 2394 ad
215 2336 244 2394 id
254 2334 515 2394 demonstrandum
530 2333 696 2392 adhibenda
706 2343 767 2391 erat
776 2335 885 2392 incerta
900 2345 928 2393 et
943 2353 961 2392 a
975 2352 1047 2392 uero
1057 2332 1220 2392 abhorrens

168 2435 331 2493 emendatio
357 2432 487 2491 Bentleii.
538 2432 615 2490 Illud
638 2442 736 2490 tamen
766 2451 883 2501 censeo,
908 2433 931 2490 si
955 2431 1123 2508 interpolati
1149 2430 1218 2503 sint,

167 2533 331 2592 orationem
346 2541 458 2608 praeter
473 2531 591 2590 solitum
606 2531 759 2606 abruptam
774 2541 801 2589 et
818 2533 978 2607 praecisam
994 2530 1093 2589 fuisse.

209 2631 291 2701 Loci,
306 2639 337 2688 ut
358 2649 376 2688 a
396 2648 445 2688 me
465 2629 580 2687 relictus
602 2639 654 2700 est,
668 2628 740 2688 haec
762 2629 813 2687 erit
835 2640 995 2688 structura:
1015 2648 1077 2686 cum
1097 2633 1222 2685 cerneret

168 2730 302 2788 montibus
315 2735 440 2803 aggestas
454 2747 572 2786 crescere
586 2734 694 2799 montes,
709 2735 735 2786 et
746 2723 890 2807 (cerneret)
904 2727 1149 2804 sederasugz‘entt‘a
1160 2727 1225 2784 tolli

167 2835 225 2887 tam
247 2829 352 2884 uz'czizos
372 2823 529 2904 (gaganus)
550 2833 654 2884 creatos
674 2845 712 2884 ex
734 2832 818 2900 rupta
839 2833 938 2897 matre,
956 2832 1059 2901 partus
1079 2824 1222 2882 discordes

167 2928 275 2984 uultum
283 2927 483 3000 permeatoque
495 2935 622 3001 corpora.
647 2924 684 2981 In
697 2924 954 3002 quibusfugientz'a
968 2925 1031 2982 tolli
1041 2931 1098 2981 lam
1113 2925 1222 2980 uz'czitos

168 3035 211 3084 est
234 3024 362 3083 nolentia
381 3033 441 3081 tam
460 3042 551 3100 prope
570 3022 677 3092 extolli,
693 3032 835 3080 structura
856 3041 923 3081 cum
938 3023 1081 3080 infinitiuo
1101 3020 1221 3097 passini,

170 3124 271 3201 quales
285 3122 337 3181 sed
352 3123 381 3180 in
396 3123 491 3181 actiuo
505 3122 612 3180 multae
628 3121 749 3180 citantur
760 3121 839 3198 apud
853 3120 1038 3198 Draegerum
1049 3120 1127 3179 Hist.
1138 3118 1221 3195 Synt.

169 3222 196 3282 ii.
211 3241 238 3298 p.
256 3241 322 3296 323·

209 3322 232 3380 Ι.
249 3322 306 3392 466

292 3416 385 3476 Linea
406 3417 538 3493 designat
559 3417 679 3494 species,
702 3425 788 3493 atque
810 3415 926 3491 ignibus
948 3416 1031 3491 ignes

292 3515 492 3591 Respondent,
514 3515 611 3574 media
632 3515 767 3573 extremis
788 3525 874 3589 atque
895 3515 998 3571 ultima
1018 3512 1140 3572 summis

291 3613 472 3685 Creduntur3
494 3615 562 3672 satis
583 3624 628 3671 est
649 3614 672 3672 si
694 3632 724 3672 se
746 3630 806 3672 non
827 3613 927 3671 omnia
948 3612 1052 3671 celant.

495 3694 592 3744 mediae
604 3694 695 3743 Gembl.
939 3692 1037 3742 caelant
1050 3690 1141 3740 Gcmbl.

211 3777 283 3836 Vult
297 3778 394 3837 stellas
408 3777 536 3836 lineatim
550 3788 663 3836 tanturn
678 3788 706 3836 et
721 3779 749 3834 ἐν
762 3777 833 3852 τύπῳ
848 3776 956 3835 formas
977 3792 1082 3844 rerum,
1097 3773 1225 3832 ferarum

171 3876 324 3936 uolucrum
357 3876 521 3949 hominum,
556 3885 790 3953 repraesentare:
827 3877 865 3934 ab
900 3874 1037 3934 extremis
1072 3871 1177 3945 media,
1207 3892 1226 3935 a
