2760 4448
661 279 707 328 111
1146 285 1207 350 119

162 435 258 493 marias
284 439 311 493 et
332 433 391 511 epse
417 431 620 514 Naufragium
645 439 745 515 pelago
764 436 817 497 IV.
835 441 883 498 66.
927 438 1014 500 Certe
1034 437 1208 517 trrampham
1253 509 1254 513 Ἰ

162 533 291 592 uniuersi
311 533 436 606 codices,
460 535 601 610 trtiempho
621 553 658 595 ne
679 554 755 594 unus
776 537 894 614 quidem
915 547 1050 615 praestat.

204 631 263 691 Pro
276 633 388 709 sagenam
402 632 450 692 uel
455 632 551 709 figam
565 651 640 710 quae
654 634 686 692 in
696 633 813 694 Gembl.
824 645 854 695 et
862 633 960 696 Voss.²
969 647 1043 707 sunt,
1054 634 1154 696 nescio
1169 652 1208 693 an

163 730 347 790 scribendum
361 730 396 790 sit
402 731 509 807 figant,
525 748 566 791 sc.
581 732 631 808 qui
644 743 817 792 nascuntur:
838 752 893 811 pro
904 733 948 792 El
960 734 1136 812 reposuerim
1151 732 1207 792 Sel.

163 828 228 887 Iam
242 829 327 887 dabra
339 829 441 905 figunt
451 831 618 906 praecordia
638 831 688 907 qui
706 831 874 908 praecordia
894 850 956 891 non
973 832 1031 891 fixa
1049 832 1157 891 habent
1178 832 1208 889 in

163 927 249 987 firmo
262 938 387 1005 pectore,
399 927 450 987 sed
464 927 552 987 dubia
566 928 597 986 in
609 929 733 1006 trepido,
744 931 822 990 uelut
836 932 890 990 sub
905 930 1016 990 Haedis
1030 931 1090 990 nati
1102 930 1137 988 V.
1149 948 1205 1004 109

163 1027 272 1085 lascz'm
285 1027 403 1101 regenam
414 1032 528 1102 pectora
541 1025 569 1086 h.
580 1045 606 1086 e.
621 1027 705 1104 signa
718 1029 767 1088 uel
784 1029 941 1106 imaginem
955 1029 1089 1089 lasciuiae
1109 1029 1208 1086 animo

162 1125 340 1200 imprimunt,
355 1123 415 1183 siue
429 1124 601 1200 impressam
615 1136 719 1202 gerunt
731 1127 897 1203 pectoribus
911 1127 1067 1186 lasciuiam.
1108 1124 1207 1184 Dabta

163 1240 232 1281 cum
242 1223 344 1299 figant
354 1231 414 1282 arte
429 1222 572 1296 cohaeret,
583 1233 611 1283 et
625 1234 669 1284 est
679 1224 828 1302 quoddam
840 1225 981 1300 ὀξύμωρον,
995 1243 1056 1284 non
1071 1224 1208 1284 dissimile

164 1320 326 1379 Homerico
352 1321 405 1377 uolt
426 1322 601 1393 α’λαοσκοπιὴν
620 1319 693 1396 ciffi
728 1322 868 1401 namqui
892 1325 972 1382 ἀλαὸς
995 1333 1040 1382 est
1064 1320 1208 1399 speculari

164 1419 263 1495 nequit
270 1437 279 1492 ;
304 1419 400 1496 itaque
419 1420 484 1490 ἀλαὴ
499 1422 593 1490 armar)
607 1438 772 1496 oxymoron
785 1432 847 1481 est:
870 1421 905 1480 de
919 1438 1021 1498 quare
1038 1420 1110 1480 dixit
1124 1419 1161 1478 D.
1173 1417 1207 1479 B.

164 1515 274 1575 Moruo
288 1517 318 1575 in
332 1516 413 1576 Actis
427 1516 560 1576 Philolol.
572 1517 669 1577 Oxon.
684 1520 753 1577 anni
771 1522 959 1596 1883-1884,
973 1537 1002 1596 p.
1019 1537 1044 1578 1.

204 1614 258 1675 IV.
279 1617 415 1674 180-182
432 1616 473 1675 sic
487 1625 586 1676 extant
600 1616 631 1674 in
645 1616 762 1678 Gembl.
1104 1622 1106 1626 ’

225 1760 228 1764 .
285 1713 355 1772 Hoc
376 1712 464 1772 habet
483 1714 541 1774 hoc
562 1714 689 1774 studium
709 1715 811 1792 positis
831 1733 933 1775 ornare
955 1713 1086 1791 superbis

284 1810 410 1871 Pellibus
430 1821 459 1870 et
479 1822 579 1888 captas
600 1812 736 1871 domibus
756 1814 912 1891 praefigere
933 1813 1055 1890 praedas

285 1909 324 1968 Et
344 1928 448 1987 pacare
469 1920 549 1970 metu
571 1910 658 1971 siluas
678 1920 707 1971 et
726 1913 825 1971 uiuere
846 1913 946 1972 uictor.

208 2011 265 2066 180
280 2008 350 2068 Hoc
367 2019 434 2068 auet
452 2008 510 2068 hoc
527 2010 652 2068 studium
669 2020 713 2069 est
727 2010 861 2086 Herznga
878 2009 1022 2069 Obseruat.
1039 2007 1112 2068 Crit.
1120 2017 1152 2084 p.
1169 2021 1205 2082 71

163 2113 189 2164 et
201 2117 289 2183 nuper
302 2106 458 2165 Bra'teras.
492 2107 665 2166 Praee'uerat
679 2106 722 2166 Io.
736 2106 777 2166 Is.
791 2108 940 2166 Pantanus
954 2108 994 2165 ad
1001 2105 1130 2165 Macrob.
1142 2104 1174 2165 S.
1189 2106 1207 2163 i.

163 2223 192 2281 p.
215 2207 273 2278 248
296 2206 417 2281 edentque
437 2206 494 2282 ipse
515 2206 710 2264 denenaueram
734 2206 833 2283 positis
853 2205 920 2265 Cur.
945 2203 1030 2265 Voss.²
1050 2204 1140 2280 postis
1165 2204 1208 2262 bo

163 2303 292 2378 superbit
310 2302 465 2361 Bra'terus.
510 2309 564 2362 181
585 2304 721 2380 refrigere
736 2303 804 2364 Cas.
850 2307 904 2363 182
923 2322 1028 2381 capare
1045 2301 1113 2362 Cas.
1128 2311 1208 2360 metu

162 2402 240 2460 codd.
254 2419 325 2460 arcu
338 2400 535 2460 Marklandus
548 2419 620 2460 ueru
633 2401 780 2461 Baehrens
816 2401 897 2461 Num
912 2403 1021 2460 manu?
1058 2400 1136 2460 uicto
1154 2400 1210 2459 bet
1268 2462 1273 2471 ,

162 2502 205 2558 sic
224 2519 288 2558 cuna
308 2498 385 2559 Scal.
407 2505 434 2557 et
452 2498 628 2558 Marklando
652 2499 839 2577 Rossbergius
862 2501 940 2560 uicto
961 2519 1000 2557 an
1020 2499 1099 2557 uictu
1118 2500 1157 2557 sit
1175 2500 1207 2556 in

163 2618 179 2656 o
199 2617 281 2674 aegre
301 2599 474 2675 degradatur
495 2598 589 2658 uictor
609 2605 757 2658 reuocaret
776 2598 882 2658 Carre'o
903 2599 1002 2674 Antz'q.
1020 2598 1097 2656 Lar.
1113 2607 1146 2673 p.
1168 2610 1205 2672 27

163 2693 280 2776 (157⁶).

205 2795 324 2872 Optime
338 2795 375 2854 de
388 2793 447 2854 hoc
460 2793 527 2853 loco
545 2792 676 2853 disseruit
689 2794 733 2854 Io.
749 2794 786 2852 Is
802 2794 953 2854 Pontanus
972 2793 1010 2852 ad
1029 2791 1162 2854 Macrob.
1178 2792 1207 2852 S.

163 2894 187 2954 I.
202 2913 231 2971 p.
247 2897 305 2967 248
321 2892 484 2971 ‘Scriptum
498 2892 545 2951 aio
561 2901 663 2969 poetae
679 2903 784 2969 pacare
797 2875 875 2963 metu,
890 2891 1163 2952 conuenientissime
1177 2890 1207 2949 in

162 2993 221 3052 hoc
234 2991 350 3063 animal,
361 2990 489 3069 quod,ut
500 2989 572 3048 dixit
583 2988 762 3063 Macrobius,
772 3000 897 3067 praestat
911 3000 1013 3049 cetera.
1049 2990 1208 3065 Tyrannus

162 3091 243 3150 enim
256 3090 479 3166 dominatorque
493 3089 713 3165 quodammodo
727 3090 757 3147 in
771 3089 893 3148 siluestri
907 3088 955 3148 illo
970 3107 1004 3147 ac
1018 3097 1101 3147 uasto
1115 3105 1208 3163 regno

118 3220 121 3224 Δ
162 3198 216 3260 est,
238 3205 327 3265 quem
346 3188 469 3246 oderunt
493 3186 564 3245 dum
586 3196 729 3245 metuunt.
771 3186 885 3246 Deinde
906 3186 979 3245 ridet
1000 3186 1094 3262 magis
1114 3187 1208 3242 uenere

162 3289 260 3358 ue'ctor,
275 3303 344 3344 nam
361 3285 392 3343 in
411 3285 524 3361 scriptis
542 3284 670 3361 intelligo
689 3303 753 3344 esse
771 3287 851 3357 ue'cta,
867 3302 928 3345 non
947 3289 1037 3360 rapto.
1080 3282 1206 3354 Plautus,

161 3387 267 3444 uirtute
280 3385 361 3442 dixtit
372 3403 422 3442 aas
435 3385 550 3442 uectores
564 3386 657 3442 uenere
670 3387 720 3442 &a
728 3383 883 3464 (Amphitr.
895 3381 971 3442 Prol.
984 3380 1044 3461 75).
1071 3379 1206 3456 Denique

162 3483 229 3541 Hoc
244 3482 325 3540 babel
335 3480 419 3540 fuerit
432 3482 482 3540 hac
496 3478 594 3540 hauet?

205 3580 298 3639 Valde
320 3579 452 3656 speciosa
472 3590 516 3638 est
537 3580 701 3640 coniectura
721 3579 840 3639 Breiteri
861 3578 989 3656 superbit,
1012 3593 1070 3654 qua
1090 3585 1207 3651 recepta

162 3679 234 3736 nihil
256 3677 429 3738 difficultatis
451 3676 539 3739 habet
563 3678 758 3738 nominatiuus
778 3680 875 3736 uz'ctor.
922 3675 980 3736 Sed
1007 3692 1068 3733 non
1096 3672 1206 3731 idcirco

162 3794 265 3836 ueram
294 3776 401 3848 credo;
443 3795 513 3834 nam
545 3776 626 3836 locus
659 3776 740 3835 Statii
768 3775 864 3834 Theb.
892 3774 948 3833 viii.
973 3777 1031 3847 588
1060 3771 1207 3829 Praeterit

163 3876 244 3934 haud
267 3873 379 3933 debeant
401 3876 471 3952 sati
494 3882 520 3932 et
545 3877 664 3951 spalzare
690 3874 811 3951 neperbe'l
840 3873 954 3932 Oenides
982 3870 1067 3929 aliam
1095 3869 1206 3945 signifi*
