2760 4448
657 267 692 315 II
1165 264 1204 333 77

140 434 143 439 ·
162 434 260 474 uerum
277 413 387 475 lbemis
407 422 459 474 aut
470 413 594 476 Astraea
613 425 665 475 aut
681 415 807 494 Erigone
826 416 987 476 dicebatur:
1005 417 1096 494 spicas
1112 435 1207 488 mann,

162 515 348 590 caelatumque
357 535 396 574 ex
406 514 502 573 bebena
505 517 643 592 pinacem,
654 517 826 592 argumentis
838 515 941 573 talibus
950 515 1099 594 adferebat.
1129 513 1211 573 Erat

163 615 195 670 in
214 614 301 671 medio
321 613 386 671 auis
405 613 558 690 Aegyptia,
579 633 648 689 qnae
668 613 730 672 Ibis
750 620 918 671 memoretur
938 613 973 671 ab
994 614 1098 674 incelis.
1150 611 1211 671 Sed

163 731 226 769 enm
233 718 329 788 petaso
349 719 448 771 uertex
468 719 549 787 atque
561 732 591 770 os
604 713 828 788 pulcherrimum
844 712 998 784 uidebatur,
1014 713 1089 787 quad
1099 714 1208 788 quedem

162 812 296 886 serpentis
311 812 423 885 gemini
439 810 575 885 lambebat
593 812 734 886 implexio.
776 808 877 868 Subter
897 810 1030 885 quaedam
1046 812 1208 886 praenitens

163 910 260 985 uirga,
280 910 359 966 cneus
378 915 463 984 caput
482 915 623 979 auratum,
645 909 734 967 medea
752 909 866 985 glauca,
880 909 977 984 piceus
989 909 1064 984 finis
1083 908 1205 968 extabat.

163 1006 215 1065 sub
234 1007 338 1066 dexba
358 1007 460 1065 testudo
480 1008 663 1081 mine'tansque
676 1017 752 1083 nepa,
768 1026 786 1064 a
799 1007 881 1064 laeua
897 1016 994 1082 capra.
1035 1005 1094 1065 Sed
1104 1007 1208 1084 delcffon

163 1106 265 1176 alitem,
275 1123 345 1180 quae
357 1107 397 1162 sit
408 1107 528 1163 oscinum
542 1107 644 1176 metior,
655 1106 685 1162 in
699 1105 858 1162 certaminis
868 1110 1058 1180 temptamenta
1064 1105 1207 1181 pulsabat.

164 1205 227 1279 ipsa
247 1223 312 1261 uero
331 1202 394 1261 Ibis
405 1209 601 1280 praenotatum
618 1204 697 1278 gerit
713 1221 808 1260 nomen
828 1204 927 1259 mensis
948 1204 1094 1260 cuiusdam
1115 1202 1208 1260 Mem-

156 1302 271 1378 pbe'te'ei.
312 1299 400 1359 Hane
433 1301 561 1360 tabellam
597 1320 658 1359 eum
686 1302 823 1375 ingestam
856 1300 914 1358 sibi
937 1289 1100 1375 e'anspiceret
1124 1303 1208 1377 uirga

163 1406 303 1469 neumata,
316 1400 381 1456 licet
396 1401 492 1474 sponsi
507 1405 678 1474 cognesceret
688 1405 890 1476 argumentum,
905 1404 995 1456 tamen
1013 1418 1066 1456 nan
1085 1418 1156 1456 ausa
1169 1406 1211 1457 est

163 1499 224 1556 sine
242 1499 438 1573 supplicatione
456 1499 586 1557 transire.
628 1497 732 1573 quoin
749 1497 816 1556 loco
830 1496 966 1572 Koppius
980 1497 1052 1555 duas
1067 1497 1208 1573 imagines

164 1595 326 1672 sigillorum
354 1595 502 1673 expressit,
528 1597 647 1654 alteram
675 1595 705 1652 in
733 1613 792 1672 qua
819 1603 886 1672 post
910 1593 1088 1653 Mercurium
1115 1594 1208 1671 gallus

163 1693 341 1770 gallinaceus
361 1693 480 1754 erectior
500 1694 624 1766 incedit;
644 1694 676 1753 in
697 1693 785 1752 altera
806 1693 931 1753 eundem
952 1692 1130 1752 Mercurium
1149 1693 1208 1752 duo

164 1791 234 1869 galli
248 1810 284 1850 ex
299 1791 421 1851 habenis
435 1809 520 1851 curru
534 1791 658 1851 trahunt.

206 1889 246 1948 II.
262 1893 329 1966 948,
346 1909 363 1966 9
382 1890 423 1950 sic
436 1900 535 1951 extant
549 1891 580 1948 in
593 1890 708 1950 Gembl.

288 1987 372 2048 Vnus
393 1989 424 2046 in
444 2007 551 2049 occasu
571 1989 653 2048 locus
674 1999 717 2048 est
738 2006 823 2066 super
844 1988 890 2046 ille
911 1997 1042 2047 ruentem

287 2087 459 2163 Praecipitat
479 2088 621 2147 mundum
641 2087 723 2147 terris
743 2097 773 2147 et
794 2087 887 2146 sidera
907 2087 1014 2145 mersit.

247 2185 330 2244 terris
343 2205 434 2244 omnes
514 2195 651 2246 mersato

207 2281 352 2344 Bentleius
366 2283 490 2343 correxit
503 2284 619 2342 tenebris
629 2291 656 2342 et
665 2285 757 2342 sidera
772 2284 879 2359 mergit.
915 2282 1055 2342 Stoebero
1069 2284 1210 2343 assentior

165 2400 253 2459 posse
266 2382 384 2458 quidem
397 2384 483 2441 terres
497 2383 538 2441 sic
552 2383 667 2442 retineri
685 2391 717 2440 ut
736 2381 849 2441 datiuus
864 2381 907 2452 sit,
924 2381 1098 2456 significetur
1112 2391 1209 2441 autem

166 2480 280 2538 caelum
300 2480 481 2540 horizontem
501 2489 638 2556 tangere:
661 2479 713 2539 sed
734 2489 761 2538 et
776 2479 926 2539 obscurius
947 2479 1031 2538 solito
1051 2480 1092 2538 sic
1107 2480 1210 2539 dixerit

166 2577 304 2637 Manilius
319 2589 347 2639 et
360 2581 444 2637 terris
457 2598 493 2639 ex
507 2580 607 2637 teneris
621 2587 649 2637 et
668 2578 724 2639 hoc
739 2597 775 2637 ex
789 2578 904 2636 tenebris
923 2586 1035 2655 poterat
1048 2577 1207 2655 deprauari.

166 2677 207 2736 At
227 2677 326 2736 inutile
348 2687 390 2736 est
404 2676 605 2736 Bentleianum
626 2678 747 2752 merget.-
768 2677 853 2735 unice
874 2694 976 2735 uerum
996 2684 1107 2748 mersat,
1129 2676 1210 2753 quod

166 2776 225 2833 iam
238 2785 316 2835 extat
334 2775 364 2834 in
378 2776 479 2835 codice
495 2775 570 2835 Coll.
590 2775 729 2851 Corporis
744 2773 848 2835 Christi
863 2772 913 2853 (a),
929 2775 990 2833 siue
1011 2793 1029 2833 a
1048 2785 1209 2836 correctore

166 2872 336 2950 profectum,
349 2874 410 2932 siue
423 2873 560 2932 traditum
578 2874 743 2950 antiquitus.
786 2872 834 2932 Sic
856 2872 1017 2932 Martianus
1039 2873 1159 2950 Capella
1172 2874 1209 2934 vi.

168 2975 225 3045 607
247 2982 335 3047 snpra
356 2991 423 3047 quas
442 2973 486 3030 sal
502 2977 547 3044 est,
563 2972 609 3029 bes
629 2974 711 3030 celeus
730 2973 862 3030 exoretur
881 2973 1043 3045 tardiusque
1062 2978 1209 3032 mersatur.

167 3069 294 3129 Intendit
308 3089 430 3128 nursare
449 3069 511 3127 uim
530 3069 695 3146 principalis
708 3069 788 3129 uerbi
795 3089 923 3146 mergere
937 3070 1032 3144 potius
1046 3088 1135 3147 quam
1154 3069 1209 3130 fre·

167 3167 365 3245 quentatiuam
386 3167 469 3238 facit3
491 3166 547 3227 hoc
566 3177 609 3227 est
629 3169 796 3235 mersitere‚·
818 3167 847 3224 id
869 3167 1026 3226 ostendunt
1039 3167 1095 3227 loci
1110 3168 1209 3244 quales

168 3274 235 3325 sunt
253 3264 357 3324 Catuli.
377 3265 462 3324 lxviii.
485 3283 520 3340 13
542 3265 645 3342 Accipe
665 3266 727 3341 quis
741 3283 843 3323 merser
844 3266 984 3341 fortunae
994 3265 1130 3344 fluctebus
1144 3269 1209 3342 epse,

168 3370 233 3422 ‘am
254 3362 417 3440 plunged’:
440 3362 514 3422 Hor.
530 3363 606 3441 Epp.
624 3364 642 3423 i.
660 3382 685 3421 a.
702 3382 738 3421 aa
760 3364 887 3421 aduersas
906 3382 1001 3421 rerum
1023 3363 1208 3422 inmersabe'lis

167 3458 258 3516 unde's.

207 3554 246 3614 II.
306 3572 362 3626 1,a

262 3569 300 3630 95
330 3651 377 3712 Ne
398 3653 502 3713 mirere
523 3653 597 3730 nigri
618 3653 642 3712 si
662 3653 738 3714 Ditis
759 3653 845 3712 ianua
866 3652 954 3712 fertur

328 3751 367 3810 Et
387 3751 477 3810 finem
498 3753 575 3811 uitae
596 3753 706 3812 retinet.
730 3750 894 3834 ¹[mortique
915 3746 1047 3831 locatur}

207 3847 307 3908 Verba
321 3851 454 3926 merb'que
467 3850 574 3908 locatur
589 3868 663 3927 quae
683 3868 777 3928 neque
792 3850 822 3906 in
836 3849 937 3908 ceteris
951 3848 1098 3907 codicibus
1115 3862 1209 3924 neque
