2760 4448
672 283 707 334 n
1164 286 1203 354 71

207 443 266 515 899
281 437 494 516 demonemque
516 435 602 498 Voss.1
631 448 783 518 totumque
798 440 814 500 b
827 460 843 499 0
855 439 929 517 Reg.
944 439 1037 518 Neup.

205 555 235 596 u.
258 539 316 613 899
341 537 414 597 mire
435 537 567 614 congruit
591 555 659 598 cum
680 537 856 598 Lucretiano
874 539 912 600 iii.
937 553 992 613 145
1013 539 1107 600 Paret
1123 545 1151 600 et
1168 543 1209 600 ad

164 655 265 695 numu
283 638 383 694 nentis
409 655 564 712 momenque
591 642 723 696 nmetur.
767 637 826 696 Vix
847 655 916 698 sane
940 639 1113 715 persuadere
1135 639 1207 700 mihi

165 752 288 811 possum
302 732 456 792 Manilium
469 753 529 793 non
544 735 699 810 scripsisse,
711 745 742 794 ut
755 745 799 794 est
812 736 842 794 in
853 735 978 794 Lucretii
988 755 1082 810 uersu,
1094 757 1206 797 nonen.

164 832 251 892 Adde
272 833 352 909 quod
365 833 405 891 bo
419 843 447 892 et
461 833 672 894 uetustissimae
692 833 833 892 editiones
847 840 982 910 totumque
994 835 1109 908 habent,
1124 837 1207 896 cuius

80 986 85 1000 ,
164 929 233 990 fons
246 933 337 1008 potuit
351 949 413 990 esse
424 939 578 1008 notumque
588 942 682 991 ortum
696 951 733 992 ex
747 951 908 1009 momenque.
950 931 1024 993 Mox
1038 941 1206 993 reuocentur

165 1029 245 1106 quod
270 1030 421 1090 uniuersos
443 1031 559 1090 'codices
584 1030 736 1107 occupauit
765 1031 797 1089 in
823 1037 984 1089 reuocentur
1007 1041 1035 1090 et
1059 1031 1207 1093 Bentleius
1289 1094 1291 1099 ,

165 1137 194 1186 et
216 1145 273 1204 ego
293 1139 322 1186 et
342 1139 455 1205 praeter
477 1146 568 1186 unum
592 1128 734 1188 Iacobum
757 1146 859 1188 omnes
882 1129 1067 1189 correximus.
1109 1129 1207 1190 Etiam

164 1225 231 1284 III:
245 1239 342 1300 43-45
363 1225 451 1286 Nunc
472 1247 522 1304 age
544 1227 644 1286 subtt'lt'
660 1247 719 1285 rene
739 1246 875 1285 summam
890 1229 1017 1303 perspice
1036 1248 1107 1287 curu
1131 1228 1207 1300 Quae

164 1325 221 1383 tibi
231 1327 394 1400 praecipuos
407 1345 474 1383 usus
487 1332 640 1384 monstrata
653 1326 793 1384 ministret
804 1324 848 1382 Et
858 1332 948 1383 certas
961 1327 1006 1383 det
1024 1328 1054 1384 in
1069 1334 1130 1385 arte
1142 1329 1207 1386 neas

163 1423 279 1498 adfata
292 1424 411 1481 audenda
420 1422 458 1482 Si
469 1423 530 1481 bene
542 1425 695 1482 constiterit
702 1424 839 1500 uzgz‘lantt'
848 1425 958 1482 condeta
965 1444 1054 1497 sensu,
1065 1426 1115 1483 uix
1128 1436 1206 1486 recte

166 1520 283 1580 Gembl.
311 1531 340 1581 et
372 1523 543 1582 uetustiores
569 1523 804 1581 neneitrat-dat
834 1522 959 1594 habent;
993 1541 1062 1582 nam
1089 1534 1121 1583 ut
1149 1524 1206 1585 11110

164 1621 212 1678 det
222 1619 320 1678 inueni
339 1619 370 1683 in
389 1631 511 1698 utroque
526 1619 679 1695 Vossiano,
692 1621 722 1679 in
735 1641 750 1679 o
764 1631 861 1679 autem
882 1622 1113 1693 mentstret-dat,
1130 1623 1206 1681 unde

164 1735 269 1777 uerum
283 1727 455 1794 potestesse
469 1718 550 1796 quod
563 1729 606 1778 est
619 1719 675 1777 inb
689 1720 921 1792 nint'stret-det3
943 1720 985 1779 sic
999 1720 1024 1779 si
1037 1720 1094 1779 hoc
1107 1738 1206 1798 neges,

163 1834 228 1875 non
248 1833 366 1892 prorsus
387 1817 492 1876 similes
513 1827 579 1877 sunt
599 1817 664 1890 loci,
686 1803 754 1884 curn
775 1817 806 1875 in
826 1817 881 1876 III.
903 1832 1002 1893 43-45
1024 1819 1154 1878 subnexa
1171 1819 1206 1879 sit

163 1914 294 1975 clausula
308 1915 519 1988 conditionalis,
535 1916 575 1976 Si
585 1917 646 1975 bene
658 1917 816 1976 constiterit.

206 2013 246 2071 Π.
262 2032 317 2088 901
335 2032 399 2091 sqq.
414 2015 455 2074 sic
474 2014 600 2074 Iacobus
615 2015 703 2075 edidit

288 2111 347 2171 Hic
367 2123 516 2172 momenta
537 2123 657 2172 manent
677 2122 794 2172 nostrae
814 2112 985 2190 plerumque
1006 2112 1108 2173 salutis

289 2209 428 2288 Bellaque
448 2212 619 2271 morborum
640 2211 736 2271 caecis
755 2211 916 2288 pugnantia
936 2211 1000 2270 telis

636 2328 689 2387 per
709 2318 789 2368 tanta
808 2309 938 2386 pericula
958 2309 1060 2369 mortis

286 2405 404 2480 Viribus
424 2408 594 2484 ambiguum
615 2402 738 2486 geminis
759 2425 920 2484 causaeque
940 2407 1053 2485 deique,

288 2504 375 2565 Nunc
396 2505 452 2565 huc
472 2524 550 2566 nunc
571 2507 638 2566 illuc
659 2514 767 2566 sortem
787 2506 923 2564 mutantis
944 2514 1074 2582 utraque.

207 2623 265 2680 90²
301 2605 343 2662 sic
380 2603 483 2664 Gembl.
513 2605 576 2665 telis
609 2605 770 2682 pugnantia
803 2604 867 2663 telis
902 2601 986 2663 Voss.¹
1016 2603 1083 2663 Cus.
1124 2606 1206 2664 terris

161 2702 323 2780 pugnantia
336 2703 423 2763 caelis
437 2722 452 2762 0
479 2704 558 2763 tetris
571 2722 600 2780 p.
614 2704 677 2762 telis
691 2701 844 2779 bRegzon.
858 2702 949 2778 ltuap.
997 2702 1109 2761 Versum
1124 2704 1206 2761 duni-

162 2797 271 2856 daatum
284 2817 322 2856 ex
343 2797 428 2857 Voss.²
441 2800 563 2856 restituit
574 2797 711 2857 Iacobus:
731 2799 760 2854 in
775 2797 856 2873 Lz'ps.
870 2799 955 2855 umus
975 2817 1074 2856 uersus
1085 2799 1206 2873 matium

164 2909 225 2966 903
244 2890 334 2950 iribus
350 2890 419 2950 Cus.
433 2891 582 2968 geminum
606 2890 710 2951 Gembl.
725 2908 884 2967 causasque
904 2889 1009 2950 Gembl.
1031 2889 1116 2950 Voss?
1128 2897 1155 2948 et
1165 2893 1206 2948 sic

162 2987 323 3066 Lipsiensis
332 3009 347 3047 s
355 3008 436 3048 erasa
447 3008 591 3067 causaque
608 2988 695 3049 Voss.¹
707 2988 773 3048 Cur.
786 2989 825 3048 bo
836 3007 976 3066 casusque
986 2988 1077 3047 Bentl.
1087 3007 1206 3048 causae·

164 3104 225 3163 que
232 3085 352 3146 Iacobus
378 3087 482 3164 deique
495 3086 598 3148 Gembl.
612 3087 678 3147 Cus.
697 3086 944 3162 Vossiant'dieique
955 3107 970 3145 o
980 3087 1059 3146 dieib
1069 3087 1206 3163 ambigua

164 3187 195 3244 in
207 3185 349 3244 Bentleeus
360 3204 481 3244 casusne
492 3187 575 3245 deine
586 3186 740 3244 Bnet‘terus.
784 3203 842 3259 904
857 3191 978 3261 utraque
995 3183 1099 3245 Gembl.

206 3285 264 3345 Pro
294 3286 446 3362 explorato
477 3286 573 3346 habeo
601 3305 663 3346 non
685 3304 752 3345 >uno
779 3285 870 3344 modo
897 3285 1033 3344 traditum
1061 3285 1148 3344 fuisse
1176 3301 1204 3342 u.

164 3403 234 3460 90²·
276 3383 356 3456 Quid
378 3385 476 3444 enim?
499 3386 578 3445 unde
599 3395 642 3445 tot
670 3385 786 3444 codices
809 3383 914 3443 inuasit
942 3383 1012 3442 illud
1039 3384 1117 3441 tetre's
1145 3382 1206 3441 siue

163 3484 275 3540 terrai?
313 3482 426 3543 Nonne
449 3502 502 3560 per
526 3483 681 3543 antithesin
702 3483 859 3560 quandam,
879 3500 948 3541 cum
969 3482 1001 3539 in
1025 3481 1084 3539 fine
1104 3497 1205 3538 uersus

163 3582 294 3659 legerent
328 3584 402 3652 celes,
431 3582 461 3641 in
491 3583 619 3658 priorem
653 3593 765 3659 partem
796 3583 880 3639 tern's
910 3580 1082 3638 intulerunt?
1133 3577 1204 3636 Non

164 3681 242 3739 enim
262 3698 299 3738 ex
320 3683 407 3740 caen's
428 3681 586 3749 conflatum
606 3691 657 3747 est,
677 3699 772 3758 neque
791 3697 861 3738 uero
880 3697 917 3737 ex
939 3680 1006 3736 telus.
1048 3666 1105 3736 vel
1130 3675 1201 3733 illud

164 3774 245 3852 quod
273 3774 361 3835 habet
388 3774 488 3835 Voss.1
516 3793 584 3836 cum
616 3775 734 3835 Cusano
760 3777 821 3833 telis
840 3775 1002 3851 pugnantia
1034 3774 1095 3831 telis
1127 3771 1205 3830 unde

164 3874 321 3952 prouenit?
363 3874 453 3947 Quod
474 3874 529 3936 nisi
550 3873 770 3936 Gemblacensis
790 3873 997 3951 concupietis
1018 3870 1107 3943 daret,
1123 3887 1202 3930 com-
