2760 4448
608 284 632 334 V
1079 285 1140 356 159

90 453 152 504 erat
166 445 196 504 id
210 445 290 522 quod
305 445 414 504 habent
427 462 531 504 omnes
548 444 663 503 codices
676 457 813 520 quemque.
856 442 937 502 Nam
951 436 1035 519 signa
1049 462 1142 522 quan-

91 562 191 619 quam,
207 545 237 603 in
250 545 418 604 uniuersum
434 543 458 602 si
472 543 617 620 respicias,
631 543 797 601 neutraliter
811 552 840 600 et
858 542 916 601 diei
936 541 1043 601 debent
1057 552 1086 602 et
1101 543 1143 601 di-

91 653 207 714 cuntur,
222 642 336 718 singula
350 660 564 719 nonnunquam
581 642 664 718 quasi
684 659 842 718 personam
857 640 980 699 induunt
994 651 1023 700 et
1036 659 1144 717 genere

92 749 211 799 utuntur
225 741 396 800 masculino.
439 741 508 798 Hoc
529 750 561 798 ut
582 740 679 797 minus
700 739 852 798 admireris
873 737 959 798 faciet
980 739 1144 800 recordatio

93 839 252 915 figurarum
272 840 377 916 quibus
392 838 491 897 stellae
510 848 539 897 et
554 838 666 897 zodiaci
684 847 780 914 partes
795 838 874 913 apud
889 838 1026 914 antiquos
1040 841 1145 915 pinge·

93 939 216 1011 bantur3
248 939 297 996 uix
325 937 403 995 enim
425 937 538 994 dubites
561 937 620 995 iam
641 935 709 994 inde
731 936 769 993 ab
789 936 871 994 Arati
897 937 1015 996 saeculo
1038 937 1068 995 in
1090 956 1145 996 usu
1237 986 1240 991 .

93 1035 182 1094 luisse
203 1036 346 1112 imagines
371 1035 497 1094 siderum
518 1034 619 1111 quales
640 1033 785 1111 hodieque
810 1044 910 1092 extant
931 1035 961 1093 in
983 1035 1145 1094 Harleiano

93 1134 197 1193 codice
219 1136 294 1208 647:
318 1143 349 1191 ut
371 1132 440 1191 nihil
462 1133 557 1192 dicam
579 1133 616 1191 de
636 1131 735 1191 tabula
757 1133 935 1191 Farnesiana
955 1151 1031 1209 quae
1055 1132 1144 1194 Bent-

94 1232 206 1291 leianae
220 1231 340 1290 editioni
356 1230 470 1290 Manilii
484 1231 614 1306 praelixa
628 1241 681 1289 est.

136 1329 173 1388 M.
190 1348 237 1405 34,
254 1345 291 1404 35
310 1329 352 1387 sic
367 1337 466 1388 extant
480 1330 510 1386 in
527 1329 644 1388 Gembl.

218 1427 368 1487 Colchidis
388 1437 417 1487 et
438 1428 567 1504 magicas
588 1437 664 1486 artes
685 1428 736 1504 qui
756 1438 870 1487 uertere
893 1428 1027 1489 Colchon

219 1525 359 1586 Medeam
379 1526 460 1583 iussit
480 1527 632 1602 mouitque
653 1544 768 1584 uenena
788 1544 839 1602 per
860 1528 971 1586 orbem.

138 1644 175 1700 34
197 1625 292 1683 uisere
319 1623 405 1682 Voss.2
426 1623 546 1683 tolchon
575 1621 659 1682 Voss.1
681 1624 785 1684 Iolcon
806 1624 950 1684 Bentlccics
972 1624 1067 1705 (Iolco
1087 1628 1145 1687 iam

96 1722 262 1800 Scalcgcrl.'

137 1822 274 1880 Putaram
302 1838 391 1898 posse
422 1819 544 1880 Calchan
572 1821 740 1896 genetiuum
765 1819 914 1881 Graecum
940 1828 1050 1898 Κολχων
1072 1843 1145 1894 esse,

96 1921 185 1979 uerba
205 1920 247 1979 sic
265 1920 336 1979 strui
355 1926 382 1978 el
400 1921 453 1996 qni
467 1917 521 1997 (sc.
535 1917 632 1999 Aries)
648 1921 733 1977 cicssit
744 1918 876 1979 Medeam
897 1930 1001 1981 nectere
1021 1926 1147 2001 magicas

95 2026 170 2077 artes
187 2019 331 2078 Colchidis
344 2027 370 2077 et
384 2017 504 2078 Calchan
514 2040 525 2077 .·
548 2036 618 2076 nam
634 2016 778 2077 Colchidis
794 2017 915 2079 Calchan
930 2021 1035 2081 eodem
1056 2023 1146 2083 modo

97 2118 214 2177 codices
234 2126 382 2194 praestant
403 2136 464 2194 quo
486 2116 599 2176 Colchis
622 2115 782 2175 Calchiacis
803 2117 881 2194 apud
903 2118 988 2196 Prop.
1010 2119 1039 2179 ii.
1058 2139 1082 2178 1.
1097 2136 1146 2195 54,

97 2216 179 2292 quod
199 2216 260 2274 iure
282 2226 389 2274 tutatus
413 2225 457 2274 est
479 2214 690 2291 Hertzbergius
711 2215 796 2292 quasi
818 2216 986 2293 significarit
1008 2217 1146 2278 Medeam

96 2315 166 2374 artis
179 2315 312 2390 magicae
327 2314 474 2373 mulierem
490 2313 695 2390 peritissimam
709 2313 739 2371 in
754 2314 875 2390 regione
889 2315 1022 2373 omnium
1036 2335 1147 2375 uenen-

97 2431 182 2470 orum
217 2412 402 2472 ieracissima.
450 2411 508 2471 Sed
542 2412 617 2470 inter
651 2412 787 2488 exempla
823 2411 984 2471 Maniliana
1015 2413 1147 2474 Graecae

97 2511 298 2570 declinationis
313 2511 391 2588 apud
405 2511 582 2569 Kramerum
596 2528 644 2586 pp.
662 2513 761 2582 24-28
774 2510 845 2568 nihil
859 2510 1025 2570 huiusmodi
1040 2512 1147 2570 inueni.

98 2610 188 2668 Aliter
202 2627 264 2668 rem
274 2609 419 2685 adgressis
433 2609 538 2685 poterit
553 2607 693 2667 Manilius
704 2608 857 2668 Platonem
867 2609 959 2668 uideri
970 2612 1148 2687 expressisse

97 2709 147 2783 qui
162 2708 193 2764 in
206 2706 392 2784 Euthydemo
410 2709 468 2780 285
485 2725 500 2766 c
518 2706 591 2765 haec
606 2706 694 2766 habet
714 2709 748 2765 dc
767 2709 827 2781 ἐγώ,
841 2709 927 2779 ἐπειδὴ
942 2710 984 2764 καὶ
999 2709 1148 2783 πρεσβύτης

98 2805 388 2880 deliquatitudo
400 2806 501 2878 ἕτοιμος
516 2808 556 2862 καὶ
569 2808 730 2880 παραδίδωμι
743 2807 852 2878 ε’μουτόν
866 2808 1052 2883 Διονυσοδώρῳ
1066 2809 1148 2885 τούτῳ

98 2906 188 2977 ὥσπερ
208 2927 239 2975 τῃ
254 2903 353 2976 Μηδείᾳ
372 2927 404 2974 τῃ
419 2907 523 2980 Κόλχῳ·
544 2903 683 2960 ἀπολλύτω
699 2928 739 2975 με,
756 2907 795 2959 καὶ
810 2906 833 2960 εἶ
846 2907 892 2976 μὲν
904 2905 1035 2978 βούλεται,
1051 2908 1147 2982 ἑψέτω,

97 3004 121 3058 εἷ
139 3002 172 3075 δ’,
186 3003 240 3059 ὅτι
254 3002 387 3074 βούλεται,
403 3007 480 3059 τοῦτο
500 3004 613 3061 ποιείτω.
657 3001 705 3062 Sic
722 3001 843 3061 Calchan
857 3002 988 3077 Medeam
1003 3004 1082 3063 idem
1096 3007 1149 3063 erit

98 3101 180 3177 quod
205 3099 365 3160 Calchicanz
390 3098 545 3170 Medum,-
577 3101 707 3161 nominis
735 3101 849 3160 iteratio
876 3101 1051 3178 significabit
1080 3103 1148 3164 Col·

98 3199 221 3259 chorum
244 3209 322 3259 artes
345 3200 476 3275 magicas
500 3218 518 3258 a
543 3199 719 3277 peritissima
741 3192 921 3260 Colcharum
944 3202 1002 3260 alio
1024 3203 1097 3262 uerti
1119 3212 1149 3262 et

98 3298 182 3375 quasi
196 3297 362 3358 abalienari.

139 3395 290 3455 Audacius
313 3395 379 3467 hoc,
403 3407 435 3455 ut
460 3395 530 3455 nihil
559 3396 655 3456 dicam
684 3395 720 3455 de
748 3397 840 3456 uerbo
868 3405 980 3469 uertere,
1008 3414 1062 3472 pro
1089 3416 1149 3475 quo

98 3502 224 3553 auertere
237 3495 334 3572 potius
353 3495 509 3554 dicendum
529 3505 598 3554 erat.
641 3494 706 3555 Nec
726 3495 829 3554 desunt
849 3497 926 3572 apud
945 3496 1081 3571 antiquos
1099 3496 1150 3573 qui

99 3593 244 3652 Colchida
257 3610 325 3652 cum
339 3593 422 3652 Iolco
441 3595 482 3652 sic
502 3595 682 3669 coniungant
703 3603 735 3651 ut
757 3593 804 3652 hic
822 3593 961 3652 Manilius
982 3592 1149 3653 aBentleio

100 3692 227 3751 creditur
257 3692 452 3750 coniunxisse.
506 3691 668 3751 Scholiasta
695 3689 872 3768 Euthydemi
903 3691 921 3748 l.
946 3710 972 3750 c.
1000 3691 1065 3764 αὕτη
1098 3695 1149 3767 γὰρ

93 3791 308 3862 Ισυνεβούλευσεν
334 3791 385 3848 ἀπὸ
414 3795 524 3864 Κόλχων
546 3792 611 3862 μετὰ
632 3790 749 3848 Ἰάσονος
773 3793 809 3848 εἷς
831 3788 934 3846 Ἰωλκὸν
957 3791 1073 3846 ε’λθοῦσο
1096 3796 1151 3849 τοῖς

100 3890 198 3946 Πελίου
212 3890 377 3965 θυγατράσιν,
392 3888 440 3962 ἵνα,
457 3892 479 3945 εἷ
493 3894 584 3945 τοῦτον
596 3888 733 3957 βούλοιντο
747 3890 802 3945 νέον
815 3890 944 3963 γενεσθαι,
958 3890 1055 3963 ἑψηθῇ.
1092 3887 1150 3948 Sed
