2760 4448
581 277 731 328 NOCTES
750 275 1002 326 MANILIANAE

391 436 476 495 Vnus
497 444 558 494 erat
580 434 713 512 Pylades,
735 451 812 493 unus
833 433 882 511 qui
903 433 1001 492 mallet
1023 432 1142 493 Orestes

391 535 460 611 Ipse
480 534 573 593 mori:
606 534 640 591 lis
660 551 719 591 una
742 532 796 590 tuit
817 550 869 609 per
890 531 1005 591 saecula
1025 533 1136 604 mortis,

390 632 472 692 Alter
492 632 573 710 quod
594 641 708 708 raperet
728 630 829 701 satum,
852 647 913 688 non
935 630 1050 689 cederet
1071 630 1151 703 alter,

391 731 430 790 Et
451 731 510 789 duo
531 730 581 808 qui
602 740 723 808 potuere
744 729 834 804 sequi,
856 728 906 786 uix
927 746 1049 789 noscere
1070 747 1194 806 poenas.

309 830 350 889 ΙΙ.
367 833 435 906 598,
451 850 468 904 9
484 829 525 888 sic
539 838 638 888 extant
651 829 682 886 in
696 826 813 887 Gembl.

392 927 576 1003 insidiasque
596 925 650 986 fori
660 924 680 998 ¹,
702 924 788 984 cedes
809 924 839 983 in
861 926 1015 985 maenibus
1036 926 1106 1003 ipsis

392 1025 431 1084 Et
452 1027 506 1083 sub
527 1025 669 1083 amicitiae
690 1033 871 1099 grassantem
892 1025 1012 1083 nomine
1030 1026 1157 1085 turbam.

313 1123 468 1199 Caedesque
481 1123 606 1182 lacobus
623 1142 660 1181 ex
672 1121 845 1183 Vossianis:
868 1122 971 1182 melius
986 1122 1101 1182 Gembl.
1116 1141 1187 1183 cum
1201 1122 1325 1183 Cusano

269 1233 300 1282 et
322 1243 338 1282 0
361 1223 462 1293 caedes,
484 1239 567 1280 more
593 1220 763 1280 Maniliano.
813 1221 850 1278 In
874 1221 981 1280 eodem
1006 1221 1125 1282 Cusano
1149 1231 1325 1281 crassantem

270 1321 370 1380 inueni
384 1331 412 1378 et
427 1320 468 1379 sic
484 1320 624 1397 scriptum
638 1319 726 1378 estin
740 1329 865 1397 utroque
880 1319 1033 1379 Vossiano.

311 1419 351 1479 ΙΙ.
364 1421 506 1495 613-615

596 1516 724 1575 namque
744 1508 788 1557 est
808 1508 912 1558 natura
931 1499 1029 1559 mitius
1049 1510 1160 1560 astrum

393 1598 626 1674 Expositumque
648 1615 718 1656 suae
739 1614 835 1655 noxae
856 1615 911 1656 nec
932 1597 1081 1658 fraudibus
1101 1599 1167 1659 ullis

394 1695 459 1754 Nec
481 1696 577 1753 minus
598 1695 718 1770 ingenio
738 1695 819 1753 molli
840 1713 931 1772 quam
952 1714 1075 1772 corpore
1095 1706 1242 1756 constant.

269 1804 405 1855 constant
428 1791 534 1853 Gembl.
548 1812 609 1850 cum
622 1793 764 1869 pleresque
782 1804 897 1852 constat
914 1813 930 1852 o
948 1800 974 1851 et
989 1795 1030 1854 ed.
1045 1794 1169 1854 Molimi‘
1185 1806 1326 1856 constans

270 1892 365 1951 Bentl.

313 1990 410 2049 Etiam
425 1989 472 2049 hic
487 1989 588 2049 dubito
609 2007 681 2047 num
695 1997 772 2047 recte
786 1988 880 2048 Benti.
895 1997 1024 2049 constans
1038 1991 1194 2068 scripserit.
1237 1993 1326 2053 Certe

272 2095 399 2149 constant
411 2107 447 2147 ex
461 2095 570 2147 constat
581 2086 631 2166 (cf.
650 2101 709 2162 700
723 2088 773 2145 ubi
789 2087 868 2147 MSS
883 2107 987 2148 omnes
1001 2088 1139 2167 constant)
1152 2109 1216 2151 non
1229 2094 1326 2152 miuus

272 2188 430 2267 prouenire
452 2187 547 2264 potuit
570 2204 661 2263 quam
685 2205 721 2245 ex
744 2194 872 2246 constans
880 2206 895 2255 ,·
926 2196 955 2246 et
979 2189 1053 2248 solet
1075 2188 1216 2250 Manilius
1237 2192 1326 2251 inlata

274 2287 426 2366 participia
446 2286 487 2344 sic
508 2285 591 2345 finito
611 2286 703 2343 uerbo
723 2286 846 2344 uariare.
888 2284 1005 2345 Dixeris
1019 2296 1149 2347 constans
1163 2289 1325 2366 elegantius

272 2405 347 2458 esse,
362 2385 498 2462 pinguius
512 2383 550 2442 ad
572 2401 656 2442 aures
670 2382 792 2443 cadere:
813 2393 844 2442 at
861 2402 923 2443 non
938 2385 1046 2446 idcirco
1062 2384 1261 2447 Manilianum
1274 2399 1325 2459 est,

274 2502 336 2544 non
357 2483 450 2558 magis
471 2499 561 2560 quam
586 2482 683 2539 uellere
705 2481 785 2558 quod
809 2481 839 2540 in
866 2484 924 2557 615
950 2483 1029 2543 idem
1053 2482 1202 2547 Bendeius
1222 2498 1325 2547 contra

274 2582 392 2642 codices
407 2580 485 2639 dedit
499 2597 553 2656 pro
567 2589 685 2654 corpore.

315 2679 355 2739 Il.
371 2678 510 2753 619-621
528 2678 569 2737 sic
583 2685 684 2736 extant
698 2678 728 2735 in
743 2677 860 2738 Gembl.

398 2777 437 2835 At
458 2776 530 2852 quin
550 2774 670 2850 lanigeri
691 2787 789 2852 partus
810 2779 865 2835 sub
885 2789 1009 2855 utroque
1031 2780 1148 2857 trigono

317 2880 377 2934 620
398 2874 468 2934 Non
490 2874 580 2950 parcit
602 2874 654 2932 sed
675 2892 740 2933 rara
760 2876 833 2950 gerit
854 2894 909 2953 pro
931 2886 1064 2954 tempore
1085 2877 1161 2937 bella

397 2972 488 3045 Quod
508 2971 605 3031 feritas
626 2972 777 3049 utriusque
798 2974 893 3049 magis
914 2993 969 3051 pro
990 2984 1124 3053 tempore
1145 2977 1234 3052 cogit.

317 3076 375 3146 619
397 3070 437 3129 At
451 3089 519 3130 cum
526 3071 653 3146 plerique
671 3071 780 3129 coddet
792 3089 815 3130 o.
854 3075 914 3131 620
931 3074 1016 3151 partit
1023 3093 1046 3133 o.
1090 3077 1215 3151 621pr0
1232 3076 1325 3152 magis

281 3168 368 3231 Voss?
380 3169 462 3228 habet
473 3186 603 3228 uemens

315 3268 470 3344 Nusquam
483 3268 577 3343 magis
591 3266 685 3326 elucet
706 3269 881 3344 praestantia
895 3268 1125 3344 Gemblacensis,
1141 3271 1171 3329 in
1191 3288 1252 3349 quo
1266 3288 1325 3329 uno

274 3377 319 3429 est
333 3367 376 3426 At
388 3368 465 3443 queit,
477 3364 506 3426 h.
521 3386 546 3425 e.
561 3365 655 3442 Atque
668 3368 707 3437 in,
720 3385 775 3443 pro
790 3385 851 3444 quo
864 3368 963 3445 inepta
976 3378 1006 3427 et
1022 3368 1096 3428 falsa
1109 3386 1215 3428 omnes
1228 3370 1325 3429 edide-

274 3476 350 3526 runt.
393 3465 542 3524 Sententia
555 3475 614 3523 est:
630 3477 718 3542 atque
732 3466 762 3524 in
781 3467 895 3543 genitos
910 3469 964 3526 sub
978 3468 1077 3526 Ariete
1091 3486 1146 3526 non
1153 3471 1256 3545 parcit
1267 3486 1326 3528 non

275 3566 328 3625 sibi
343 3573 485 3641 temperat
503 3565 620 3624 animus
634 3564 743 3624 Leonis
762 3575 791 3624 et
812 3565 957 3642 Sagittarii
971 3567 1021 3624 sub
1037 3575 1152 3643 utroque
1172 3570 1285 3645 trigom
1299 3569 1327 3626 in

275 3674 398 3740 utroque
417 3662 526 3740 angulo
545 3664 661 3738 trigoni,
676 3665 726 3721 sed
739 3684 811 3722 rara
826 3666 905 3741 gerit
922 3665 992 3723 bella
1009 3684 1076 3724 cum
1090 3683 1126 3725 eo
1141 3676 1198 3742 pro
1211 3673 1328 3743 tempore

275 3773 361 3839 prout
382 3773 497 3840 tempus
517 3763 653 3839 postulat,
674 3762 703 3821 id
728 3764 803 3838 quod
824 3765 967 3839 utrtiesque
976 3765 1087 3842 J‘ert'tas
1107 3761 1149 3845 (et
1170 3763 1281 3825 Leonis
1300 3774 1328 3824 et

668 3890 676 3920 ¹
693 3891 757 3942 Vide
770 3891 931 3959 Epimetrum.
