2760 4448
253 265 314 333 126
566 281 712 330 aocrxs
732 279 981 330 Maarxrxaxx

293 437 542 514 ln418sulgentia
554 437 805 509 Gemblacensis,o
814 439 863 498 dat
863 439 1033 517 fulgr'entt'a,
1039 455 1098 513 quo
1109 436 1298 496 confirmatur

252 535 417 595 emendatio
419 539 553 613 fagt'ente
572 545 673 597 cometa
693 558 748 615 pro
751 539 884 614 fulgente
897 538 921 596 Ι.
938 540 1006 595 826.
1042 538 1139 612 partis
1158 554 1195 594 ex
1204 537 1300 619 pactis

253 643 349 693 ortum
369 634 491 694 credidit
507 634 662 707 BreiteruS,
677 635 704 697 h.
719 656 744 695 e.
759 655 902 697 concesso
916 655 934 695 a
947 645 1051 694 natura
1065 652 1169 706 cursu3
1191 651 1250 710 ego
1264 651 1299 691 ex

233 730 374 808 *raptat
417 732 452 790 In
475 752 534 806 420
557 736 674 812 egregia
696 744 740 795 est
758 734 925 794 emendatio
945 733 1068 810 Hauptii
1081 741 1172 792 torres
1193 749 1249 808 pro
1263 749 1300 790 eo

252 831 332 909 quod
360 830 468 890 habent
491 833 606 892 codices
627 836 720 891 terris.
776 831 851 892 Mox
881 832 984 892 iacobi
1012 832 1180 891 coniectura
1192 831 1300 907 scardus

252 947 307 989 nec
330 930 430 988 litteris
453 929 634 989 disconuenit
655 950 709 991 nec
732 932 846 991 sensui:
867 932 930 990 uult
951 940 1039 1007 poeta
1059 940 1180 989 naturae
1205 929 1301 1004 legem

252 1029 348 1105 rumpi
357 1028 445 1105 idque
459 1040 519 1087 tam
528 1030 631 1100 subito,
646 1039 707 1088 tam
718 1030 798 1090 nullo
810 1040 910 1107 paratu
922 1037 954 1088 ut
968 1029 1041 1088 nihil
1050 1028 1182 1087 uideatur
1197 1046 1215 1085 a
1230 1045 1301 1087 con-

252 1137 335 1187 sueto
343 1146 440 1186 rerum
449 1127 549 1186 ordine
561 1128 752 1188 demutatum.
775 1128 816 1187 At
825 1128 855 1186 in
867 1147 924 1200 422
938 1134 1022 1186 uasta
1030 1128 1175 1204 prefacta
1189 1124 1302 1195 Vossr,

252 1225 281 1283 in
298 1244 357 1301 4²3
375 1224 552 1302 Cbrtstz'pro
568 1226 774 1302 pontiGembl.
789 1226 911 1286 tradidit.
953 1225 1029 1284 Illud
1050 1225 1100 1283 uix
1120 1242 1193 1282 uero
1208 1223 1303 1282 simile

252 1323 371 1396 uidetur,
394 1325 556 1401 rectiusque
580 1323 702 1384 fortasse
719 1324 805 1384 ceteri
824 1324 939 1384 codices
958 1325 1116 1402 rarefacta
1139 1321 1304 1396 Charybdis

252 1422 397 1493 exhibent,
406 1422 465 1482 he.
475 1441 550 1498 quae
565 1423 624 1481 iam
638 1423 713 1482 facta
727 1433 771 1482 est
785 1421 967 1500 Charybdis:
988 1423 1040 1482 sed
1048 1423 1133 1498 ponti
1144 1419 1304 1479 Manilium

253 1530 392 1597 tanquam
414 1522 526 1579 laudati
547 1520 648 1580 fecisse
676 1521 857 1581 mentionem
886 1537 984 1597 nego;
1020 1539 1075 1580 nec
1104 1518 1301 1578 Thomasium

252 1619 339 1678 audio
361 1619 412 1695 qui
434 1618 564 1679 Bentleio
585 1619 743 1679 obsecutus
765 1619 914 1678 monacho
939 1619 1105 1678 nesciocui
1130 1617 1302 1676 semisomni

253 1716 309 1776 hoc
318 1717 448 1792 imputat.
479 1717 536 1776 Dic
546 1717 624 1788 mihi,
634 1716 684 1775 ubi
695 1728 836 1777 terrarum
845 1716 1012 1777 huiusmodi
1023 1726 1146 1794 pontum
1158 1715 1301 1785 inuenies

253 1816 303 1891 qul
330 1814 420 1874 modo
443 1815 560 1874 laudem
579 1816 697 1874 meritus
719 1816 754 1874 sit
775 1825 914 1892 tanquam
938 1813 1065 1875 amoena
1086 1814 1186 1873 omnia
1211 1814 1243 1871 in
1271 1832 1302 1872 se

252 1913 391 1983 habuerit,
406 1931 503 1993 rursps
517 1913 654 1972 exciderit
667 1932 704 1972 ex
725 1914 816 1991 gratia
829 1924 859 1972 et
877 1913 1029 1973 euiluerit?
1072 1911 1130 1972 Sed
1151 1921 1184 1970 ut
1198 1921 1303 1988 portus

253 2013 304 2089 qul
318 2010 409 2070 fuerat
422 2012 453 2070 in
467 2011 620 2071 hominum
634 2029 702 2070 usus
716 2011 810 2071 iactus
823 2022 891 2088 post
911 2012 1066 2088 negligitur
1080 2010 1170 2087 fitque
1183 2021 1302 2069 uastum

252 2129 342 2182 mare,
358 2110 398 2169 sic
412 2109 486 2169 horti
499 2118 656 2187 postquam
669 2111 780 2186 ingenti
794 2128 863 2169 cura
877 2119 907 2170 et
921 2110 1020 2168 labore
1034 2109 1065 2168 in
1079 2108 1195 2168 laudem
1211 2127 1302 2168 uene-

253 2219 328 2281 runt,
343 2209 483 2285 paulatim
504 2227 522 2268 a
543 2208 701 2268 cultoribus
722 2208 855 2284 neglecti,
871 2208 1072 2284 saepimentris
1094 2207 1209 2284 spoliati
1232 2208 1303 2277 suis,

253 2306 395 2384 quidquid
413 2307 443 2364 in
458 2325 488 2366 se
507 2307 621 2365 artificis
634 2306 789 2377 habebant,
804 2305 975 2382 deperdunt,
990 2324 1045 2365 nec
1066 2305 1161 2366 solum
1181 2307 1302 2365 arbores

253 2405 426 2483 plantasque
447 2413 476 2463 et
494 2404 582 2465 flores
597 2403 691 2464 sedet
712 2404 806 2480 spatia
819 2412 849 2463 et
869 2404 1092 2465 ambulationes.
1133 2403 1238 2481 Itaque
1257 2422 1305 2462 re·

253 2504 424 2580 ponendum
439 2503 526 2562 credo
541 2504 624 2577 xysti
636 2501 696 2560 siue
711 2504 790 2572 rasti.

295 2601 374 2660 Nam
389 2602 412 2660 si
426 2600 578 2679 (Ramsay‚
593 2600 678 2658 Latin
692 2599 828 2676 Prosody
842 2619 891 2677 pp.
908 2613 965 2675 273
982 2597 1057 2678 sqq.)
1072 2600 1203 2677 Vergilio
1224 2600 1305 2659 licuit

255 2700 379 2759 scribere
392 2700 492 2757 Ponite
504 2709 572 2774 spes,
588 2698 738 2774 Propertio
752 2697 882 2756 Brachia
902 2701 1032 2775 spectaui,
1046 2699 1109 2757 bene
1128 2700 1303 2774 spondebant,

257 2797 455 2871 Consuluttque
476 2798 586 2872 strages,
612 2797 777 2854 uenumdata
801 2795 907 2872 Scylla,
932 2795 1041 2855 Ouidio
1065 2797 1157 2854 littera
1184 2799 1303 2872 scripta,

255 2895 393 2953 considere
419 2896 549 2965 scamm's,
573 2895 723 2970 spectabere
745 2913 853 2965 scaena,
880 2893 1017 2953 Lucretio
1045 2893 1165 2953 Tibullo
1194 2894 1306 2955 Ouidio

256 2992 382 3050 Martiali
410 2991 501 3051 Statio
525 2993 690 3068 smaragdos
714 2993 744 3049 in
768 2992 825 3051 fine
852 2992 1089 3052 hexametrorum
1116 3011 1243 3069 ponere;
1281 2995 1306 3052 si

256 3090 382 3150 Horatio
410 3092 477 3165 quia
505 3091 615 3160 scz'lt‘cet,
633 3091 752 3167 fornice
778 3096 905 3163 stantem,
928 3092 1097 3166 aetatemque
1123 3091 1204 3163 stola,
1226 3102 1307 3168 saepe

255 3190 358 3260 str'lum,
374 3189 515 3266 fastidire
535 3186 699 3246 Strabonem
720 3187 844 3246 abiurari
868 3199 1018 3265 nequeunt
1025 3207 1033 3261 ;
1065 3188 1089 3247 si
1115 3186 1252 3247 Lucanus
1278 3191 1307 3249 ii.

257 3289 314 3360 672
337 3286 472 3344 tumidum
486 3295 569 3361 super
582 3305 703 3361 aequora
717 3283 838 3344 Sersen²
852 3284 880 3345 h.
889 3305 915 3344 e.
930 3285 1048 3345 Xerxen
1064 3302 1125 3345 non
1139 3286 1260 3363 reiugit;
1283 3289 1307 3347 si

255 3383 383 3461 denique
407 3383 469 3462 ipse
494 3381 632 3442 Manilius
654 3380 792 3462 (Kramer
814 3383 850 3443 de
876 3382 989 3441 Manilii
1013 3383 1177 3444 elocutione
1201 3404 1229 3461 p.
1257 3383 1308 3462 18)

256 3483 351 3541 artem
364 3483 590 3559 aoaae‚fastrgra
600 3492 684 3541 tanae
695 3479 764 3560 (Ill.
775 3501 843 3558 319,
853 3481 926 3560 625)
939 3481 1073 3541 uocalem
1083 3492 1151 3542 ante
1160 3503 1175 3540 z
1183 3483 1229 3542 bis
1240 3503 1306 3543 cor-

288 3653 296 3682 ¹
313 3654 355 3705 Sic
365 3656 391 3703 in
402 3670 472 3704 uersu
483 3653 604 3718 Propertii
616 3654 648 3702 iv.
662 3661 683 3715 7.
699 3665 731 3716 59
743 3653 805 3702 Ecce
819 3660 931 3702 coronato
937 3660 1001 3718 pars
1018 3655 1098 3703 altera
1111 3661 1190 3720 parta
1201 3655 1306 3719 phaselo

256 3730 304 3794 (sic
316 3734 382 3780 enim
393 3731 505 3795 codices)
517 3737 591 3795 rapta
603 3731 761 3795 reposuerim.

290 3807 442 3858 'Bentleius
454 3808 546 3858 Persen
564 3824 593 3857 ex
610 3807 756 3857 Colbertino
772 3808 846 3857 scribi
862 3808 966 3858 uoluitr
981 3809 1024 3859 sed
1041 3811 1128 3860 Sersen
1146 3809 1187 3859 uel
1203 3810 1307 3858 Xerxen

256 3892 381 3949 praestant
392 3885 502 3951 plerique
512 3885 610 3936 codices
621 3891 646 3934 et
657 3885 752 3935 scholia
765 3886 902 3938 Beruensia.
