2760 4448
246 274 307 359 136
402 250 405 255 ’
561 285 710 336 accras
729 284 978 335 MANJLIANAE

243 465 271 522 p.
292 447 377 521 1671.
421 442 479 503 Sed
493 443 553 502 alas
567 446 674 503 umeris
689 443 849 520 Gigantum
864 444 980 521 proprie
995 443 1150 520 adsignari,
1166 442 1295 520 plurima

245 545 429 621 antiquomm
443 542 590 601 declarant
603 552 805 616 monumenta,
820 543 860 601 uti
878 561 925 601 me
945 542 1044 602 docuit
1063 541 1148 600 huius
1163 542 1204 600 rei
1219 542 1297 618 peri·

245 642 376 701 tissimus
400 639 568 718 Ludouicus
593 640 723 701 Farnell:
754 659 815 718 quo
839 651 955 700 auctore
983 640 1071 700 etiam
1096 639 1297 709 confidentius

245 759 351 816 ungues
366 757 383 796 a
397 756 482 798 uersu
498 737 610 797 Manilii
624 739 769 799 abiudicO.

287 838 340 897 IV.
356 839 424 912 588,
440 838 499 911 589
514 837 555 895 sic
570 837 663 895 traditi
679 837 789 896 suntin
804 835 919 896 Gembl.
935 835 1032 897 Voss.¹
1048 836 1117 896 Cus.

366 934 599 1011 Nascentemque
619 935 772 1012 ipsumque
793 935 870 994 diem
891 935 1061 1014 mediosque
1082 935 1193 996 calores

369 1032 474 1110 Teque
496 1032 607 1093 Helice.

287 1131 464 1191 Nascentem
479 1132 632 1208 ipsumque
648 1131 734 1190 Voss?
747 1138 774 1189 et
784 1132 865 1208 Lips.
882 1138 994 1191 testante
1007 1130 1107 1191 Iacobo
1120 1126 1301 1209 lapsumque

247 1232 465 1289 Bomizconlrzies
474 1228 493 1302 ¹,
515 1236 541 1287 et
566 1231 661 1288 multis
688 1232 773 1288 annai
788 1237 856 1306 post
880 1230 1114 1289 Bont'ncontrz'um
1144 1231 1302 1288 ‘Andreas

247 1330 401 1400 llleluzizus,
418 1327 525 1399 Scelus,
540 1329 648 1386 zituenz‘s
661 1326 803 1400 erudituq'
819 1331 898 1404 apud
908 1328 1086 1405 Scalt'gerum
1101 1325 1217 1407 (1579).

289 1427 458 1487 Certissima
493 1436 536 1486 est
570 1426 736 1486 emendatio
768 1425 910 1486 Meluini:
951 1427 1003 1486 sed
1037 1436 1194 1504 occuparat
1230 1445 1302 1486 eam

249 1526 476 1586 Bonineontrius
511 1535 578 1584 ante
613 1543 723 1583 annum
758 1528 844 1599 1484.
901 1525 1000 1586 Credo
1034 1528 1172 1604 scriptum
1207 1525 1302 1586 fuisse

247 1627 412 1702 meumque,
427 1622 496 1683 hinc
511 1626 658 1700 atrumque.

289 1724 342 1783 IV·
361 1739 429 1797 591,
445 1736 502 1798 59²

371 1823 465 1896 Asper
486 1820 523 1878 ab
545 1837 600 1877 axe
621 1818 677 1877 ruit
698 1820 803 1878 boreas
824 1819 896 1897 fugit
916 1839 1000 1881 eurus
1022 1823 1060 1881 ab
1081 1831 1145 1882 ortu

371 1919 478 1976 Auster
499 1927 577 1976 amat
597 1916 726 1975 medium
748 1918 840 1976 solem
862 1920 1062 1997 zephyrusque
1084 1919 1258 1996 profectum.

290 2018 388 2076 Immo
403 2023 558 2092 peractum,
584 2016 639 2074 nisi
660 2016 707 2075 cui
731 2018 824 2094 magis
849 2018 966 2095 placeat
980 2019 1158 2097 prafundum
1183 2017 1303 2078 Bonin-

250 2118 361 2176 contrii.

291 2215 344 2273 IV.
360 2218 418 2286 605
433 2214 474 2272 sic
488 2212 608 2271 traditus
621 2222 665 2272 est
679 2213 709 2269 in
724 2210 839 2272 Gembl.

372 2311 475 2388 Vsque
495 2329 583 2370 canes
604 2310 642 2369 ad
663 2310 751 2388 scylla
771 2321 838 2370 tuos
858 2312 1034 2391 auidamque
1054 2312 1193 2374 caribdin.

249 2410 348 2470 ascilla
363 2410 372 2469 l
389 2410 457 2470 Cur.
472 2411 510 2469 ad
524 2409 599 2469 stilla
620 2407 706 2467 Voss.²
746 2410 847 2469 oscilla
868 2410 954 2469 Voss.1

269 2584 271 2588 Α
292 2508 363 2568 Νο0
377 2511 415 2568 ab
435 2529 467 2569 re
481 2509 534 2567 erit
547 2508 594 2566 hic
609 2519 727 2567 notasse
741 2509 895 2568 lectionem
910 2529 999 2587 quam
1013 2511 1044 2569 in
1056 2510 1176 2570 Cusano
1190 2511 1301 2570 inueni.

253 2606 329 2666 Illud
343 2628 361 2666 a
374 2609 457 2666 scilla
477 2626 538 2666 non
553 2607 711 2666 interiectio
725 2619 768 2667 est
787 2609 839 2667 sed
853 2627 932 2668 mera
950 2609 1118 2686 deprauatio
1139 2610 1203 2669 eius
1219 2611 1301 2687 quod

250 2704 339 2764 habet
352 2705 468 2764 Gembl.
482 2706 523 2763 ad
533 2707 630 2764 scilla:
647 2705 724 2763 idem
741 2725 820 2764 error
834 2716 879 2765 est
887 2706 924 2767 V.
939 2711 994 2782 136
1009 2711 1165 2784 astrepituq
1178 2708 1302 2767 fortasse

252 2804 338 2862 etiam
353 2803 404 2863 IV.
422 2806 491 2878 798,
506 2804 559 2862 etsi
574 2803 681 2862 dehoc
696 2804 813 2880 quidem
823 2803 890 2864 loco
905 2805 967 2881 ipse
977 2806 1058 2864 aliter
1071 2807 1177 2866 iudico.
1219 2807 1267 2865 Ex
1282 2827 1301 2864 α

252 2904 332 2960 scilla
341 2912 434 2960 ortum
445 2901 532 2960 credo
543 2904 638 2961 oscilla
649 2903 730 2979 quod
741 2904 771 2960 in
780 2901 878 2962 Voss·l
889 2903 940 2963 sed
954 2923 1021 2964 cum
1033 2923 1061 2962 u.
1070 2904 1087 2962 l.
1103 2925 1119 2963 0
1131 2907 1218 2983 scylla
1227 2925 1302 2966 con-

252 3003 383 3059 iunctum
397 3001 509 3076 legitur.

296 3099 348 3158 lv.
366 3101 435 3170 606,
454 3101 510 3172 607
527 3098 568 3156 sic
583 3108 683 3156 extant
698 3100 727 3156 in
742 3098 858 3157 Gembl.

375 3197 420 3255 Ac
440 3196 488 3254 ubi
511 3215 542 3255 se
563 3196 688 3272 primum
710 3209 795 3272 porta
815 3216 895 3256 mare
916 3198 987 3257 ludit

375 3296 414 3354 Et
435 3305 513 3353 natat
535 3295 621 3354 Ionio
642 3296 782 3372 laxasque
802 3307 924 3372 uagatur
944 3297 975 3354 in
996 3298 1097 3356 undas.

296 3397 354 3453 606
378 3393 444 3452 Hac
468 3394 551 3450 Voss.²
586 3401 653 3468 post
672 3393 743 3452 fudit
755 3396 863 3452 excedit
882 3396 1042 3454 uocabulum
1057 3399 1137 3455 ellam
1157 3399 1189 3455 in
1211 3399 1303 3457 Vossi-

254 3498 317 3551 am's
334 3492 400 3552 Cus.
414 3493 494 3568 Lz'ps.
508 3512 523 3549 o
537 3492 553 3549 b
579 3491 720 3549 Bentlems
729 3494 840 3550 additia
852 3505 950 3568 aperto
991 3493 1098 3552 Malim
1113 3506 1219 3572 aperta.
1229 3498 1303 3555 Aen.

254 3593 308 3650 viii.
327 3595 383 3665 585
406 3591 495 3668 portis
517 3591 661 3669 equitatus
681 3592 796 3668 apertis.
839 3594 896 3666 607
918 3593 1025 3652 Enatat
1054 3593 1167 3652 Voss.²0
1188 3595 1304 3656 Emicat

253 3691 346 3749 Bentl.

288 3810 296 3840 ¹
315 3813 438 3875 impressa
453 3817 489 3860 est
502 3810 578 3860 editio
591 3811 759 3860 Bonineontrii
772 3827 835 3860 anno
850 3812 912 3874 1484
924 3815 931 3836 ‘
941 3812 1040 3863 sedente
1053 3815 1197 3864 Innocentio
1213 3825 1306 3868 octauo

253 3877 373 3928 Pontificc
384 3878 499 3926 maximo.
534 3877 608 3925 Anno
619 3877 670 3925 eius
681 3875 780 3926 Primo)
