2760 4448
616 244 638 293 r
1117 249 1157 316 13

104 417 167 479 that
181 417 249 479 with
263 417 356 479 which
370 419 420 478 the
433 419 528 480 whole
542 418 646 498 sphere
663 419 793 481 revolves
812 420 872 481 and
891 431 971 482 trace
990 439 1029 482 an
1046 419 1156 482 outline

103 518 199 578 which
213 518 326 579 follows
339 519 388 578 the
402 519 487 579 circle
502 519 535 578 ol
544 519 593 579 the
607 518 679 597 high
692 515 820 579 heaven!

145 617 182 675 In
198 620 256 676 600
273 619 362 676 miror
376 618 406 676 in
419 635 480 677 uno
491 616 608 677 Gembl.
623 637 739 677 cursum
753 628 869 677 extare:
892 618 942 696 qui
963 637 1032 678 cum
1052 619 1156 679 uitium

103 713 221 775 traxerit
241 716 271 774 in
287 731 355 791 599,
370 716 464 792 potuit
478 715 565 774 etiam
579 714 627 775 hic
643 716 777 774 aberrare
791 735 810 776 a
822 733 901 774 uer0.
943 715 1030 777 Certe
1048 719 1155 776 circum

102 816 177 873 coeli
187 817 344 875 commode
354 816 481 875 dicturus
492 824 554 874 erat
564 815 675 875 ratione
686 814 784 875 habita
795 826 959 875 ceterorum
970 816 1153 891 circulorum,

102 915 179 973 sicut
206 913 376 975 Macrobius
403 914 439 973 de
468 914 631 974 Horizonte
659 913 783 992 loquens
811 914 883 973 dixit
908 915 937 974 S.
955 914 984 974 S.
1006 915 1023 973 i.
1048 929 1092 989 15.
1116 930 1152 992 17

102 1011 234 1071 Horizon
247 1018 288 1071 est
298 1014 375 1071 uelut
385 1013 502 1089 quodam
516 1013 590 1071 circo
604 1013 764 1089 desagmatur
777 1015 912 1072 terminus
925 1013 1003 1085 caeli,
1018 1023 1047 1072 et
1060 1015 1098 1073 ib.
1116 1033 1152 1090 19

102 1111 254 1169 horz'aonlz's
272 1113 374 1182 circus,
387 1120 416 1169 et
435 1111 467 1168 in
486 1111 656 1170 uniuersum
678 1112 714 1170 de
735 1110 848 1170 circulis
862 1111 900 1171 ib.
915 1110 997 1169 Haec
1017 1113 1049 1170 de
1068 1113 1154 1172 circis

101 1209 227 1268 omnibus
246 1209 347 1285 quibus
366 1211 471 1268 caelum
491 1210 617 1285 cr'ngr‘lur
636 1211 711 1267 dicta
730 1209 879 1287 sufficzitnt.
921 1208 1001 1281 Quid
1022 1210 1102 1288 quod
1122 1211 1153 1269 in

102 1308 171 1367 loco
192 1307 343 1367 Ciceronis
365 1308 401 1368 de
423 1307 461 1366 N.
482 1307 520 1366 D.
541 1308 569 1366 ii.
594 1310 639 1368 18.
662 1320 699 1381 47
720 1327 835 1384 cumque
854 1309 925 1366 duae
933 1309 1053 1385 formae
1065 1320 1152 1386 prae-

100 1411 204 1464 stanter
223 1408 288 1478 out,
302 1425 342 1466 ex
355 1407 452 1465 solrir’is
460 1406 569 1482 globus,
584 1424 623 1464 ex
637 1408 737 1482 planis
757 1413 847 1465 autem
864 1407 988 1465 circulus
1008 1413 1061 1466 aut
1077 1408 1153 1467 orbis

101 1506 155 1580 qui
172 1505 264 1564 κύκλος
280 1503 387 1564 Graece
406 1506 512 1563 dicitur
531 1503 646 1565 Nonius
666 1524 723 1580 432
744 1507 837 1563 circus
856 1505 971 1565 tradidit
981 1524 990 1578 3
1015 1506 1152 1584 quodque

101 1602 179 1661 idem
194 1604 370 1662 uocabulum
383 1604 477 1662 circus
490 1605 605 1680 saepius
619 1603 737 1662 recurrit
751 1603 782 1660 in
797 1603 947 1663 Ciceronis
963 1604 1077 1664 Arateis
1092 1623 1151 1683 eg.

104 1705 171 1773 266,
182 1705 250 1776 268,
267 1705 323 1778 298
339 1703 385 1761 ille
398 1708 488 1761 autem
501 1702 580 1761 claro
593 1709 712 1778 quartus
726 1720 788 1760 cum
802 1703 905 1761 lumzize
918 1704 1020 1762 circus.
1047 1702 1152 1781 Itaque

101 1821 140 1860 ne
165 1801 211 1861 hic
234 1801 353 1879 quidem
375 1799 474 1860 Voss.²
492 1801 615 1861 desero:
644 1817 714 1858 nam
738 1801 845 1858 circum
868 1802 942 1859 caeli
963 1801 1034 1860 dixit
1058 1802 1152 1859 κύκλον

101 1903 217 1973 οὐρανοῦ.
249 1899 325 1959 Mire
335 1899 366 1957 in
377 1899 497 1959 Cusano
507 1918 620 1957 curcum
632 1899 772 1976 scriptum
780 1907 832 1958 est.
860 1899 909 1957 An
920 1899 977 1961 hoc
987 1919 1023 1961 ex
1034 1902 1150 1975 circum,

99 2018 137 2059 cx
152 2017 264 2057 currum
278 2017 350 2057 uero
367 1997 503 2076 profluxit
516 2001 654 2056 cursum?

141 2098 284 2172 1.631‚2

220 2197 319 2273 Atque
338 2195 410 2255 haec
430 2203 578 2254 aeternam
599 2194 723 2252 fixerunt
743 2202 876 2270 tempora
897 2193 998 2254 sedem

222 2293 356 2353 Immotis
376 2312 428 2371 per
448 2293 533 2369 signa
553 2291 650 2351 modis
671 2291 794 2351 statione
815 2291 946 2369 perenni.

98 2403 231 2469 eternum
250 2391 316 2451 Cur.
372 2401 490 2450 aeterna
503 2410 526 2450 o.

139 2492 227 2550 medei
240 2490 366 2550 Iacobus
380 2490 489 2549 dictum
503 2498 582 2549 ratus
596 2498 688 2547 estex
703 2487 831 2547 Lucretii
850 2505 942 2560 more,
956 2487 1036 2548 nullo
1050 2499 1148 2550 tamen

96 2590 185 2649 allato
205 2588 351 2666 exemplo.
394 2588 495 2667 Habet
515 2587 634 2664 quidem
658 2585 809 2647 Lucretius
830 2587 918 2645 modii
938 2589 1021 2645 miris
1041 2588 1059 2646 i.
1081 2608 1148 2662 124,

97 2690 258 2763 murraque
284 2687 373 2745 modii
398 2672 531 2760 iii.'507,
555 2686 703 2761 morigeris
724 2686 812 2743 modis
835 2685 987 2760 iv.·1277‚
1013 2697 1041 2746 et
1066 2688 1148 2764 quod

96 2786 212 2864 saepius
240 2786 372 2844 iteratum
399 2793 444 2843 est
472 2785 560 2842 multa
588 2784 677 2841 modis
704 2784 808 2841 mullei.
860 2782 920 2841 Sed
947 2802 1051 2859 parum
1079 2785 1147 2845 hinc

96 2885 233 2968 praesidii
253 2884 342 2943 habet
363 2901 464 2942 uersus
486 2881 607 2940 Manilii.
650 2880 729 2940 Nam
750 2881 831 2958 quod
852 2880 938 2941 Lucr.
952 2883 988 2940 vi.
1004 2900 1063 2958 453
1084 2883 1148 2942 AB
1217 2900 1224 2907 ·

95 2993 243 3062 praestant
263 2983 350 3042 madri
370 3001 439 3058 quae
452 2981 564 3056 possein
581 2980 740 3064 z'rrdupedziu
760 2978 893 3056 Exr‘guir
912 2986 1002 3039 tamen
1023 2984 1097 3039 r'nter
1120 3004 1148 3044 se

94 3093 250 3158 compressu
274 3082 366 3152 teneri,
394 3079 578 3139 Lachmanni
605 3078 772 3137 coniectura
799 3080 887 3136 moris
912 3089 990 3137 certa
1016 3079 1079 3138 uisa
1103 3089 1147 3140 est

96 3179 247 3240 Munroni.
275 3179 358 3238 Idem
372 3177 549 3238 uocabulum
563 3177 624 3254 ipse
640 3175 762 3236 Manilio
776 3177 974 3238 restitueram:
995 3195 1051 3238 nec
1065 3179 1146 3255 quic-

94 3297 185 3358 quam
198 3289 289 3338 muto.

135 3379 161 3437 1.
176 3380 313 3454 633-641

218 3476 285 3535 Hos
305 3474 439 3534 uolucres
459 3472 553 3532 fecere
575 3472 648 3531 duos
669 3490 798 3549 namque
819 3471 890 3530 alter
911 3472 1033 3550 abipsa

217 3573 406 3648 Consurgens
426 3571 531 3630 Helice
552 3570 683 3630 medium
703 3570 842 3647 praecidit
862 3570 1003 3648 olimpum

134 3675 195 3749 635
217 3671 420 3748 Discemitque
441 3669 519 3728 diem
540 3678 712 3746 sextamque
734 3669 883 3727 examinat
903 3669 1006 3728 horam

215 3771 254 3830 Et
276 3769 391 3846 paribus
412 3769 512 3846 spatiis
534 3786 656 3827 occasus
677 3767 769 3827 cernit
790 3777 819 3826 et
841 3777 921 3826 ortus

216 3869 275 3928 Hic
298 3877 388 3928 mutat
408 3886 461 3945 per
482 3868 565 3944 signa
586 3866 665 3926 uices
687 3883 738 3926 seu
759 3867 783 3926 si
805 3866 869 3943 quis
890 3883 962 3924 eoos
