2760 4448
161 239 223 303 168
462 246 612 298 noeros
631 244 883 297 ΜΑΝΙΗΑΝΑΕ

161 405 318 468 embodied
338 405 369 464 in
390 403 463 463 their
476 403 555 464 word
573 407 701 479 πρόβατα,
715 402 751 463 of
764 400 857 463 which
877 405 993 476 πρόνομα
1008 402 1076 467 βοτὰ
1091 400 1118 460 is
1137 399 1208 459 here

161 507 209 566 the
224 504 346 583 poetical
360 502 539 581 equivalent’
571 502 673 560 Vnum
687 512 816 578 superest
826 501 907 580 quod
918 501 1111 579 explicatione
1123 509 1211 577 egeat

153 605 234 683 fidae
251 617 316 680 135.
357 602 394 661 Id
408 602 534 661 lacobus
547 619 608 660 non
622 608 699 660 recte
715 601 917 677 interpretatus
934 609 977 659 est
991 599 1062 659 haec
1078 599 1212 658 scribens

163 702 261 781 ‘quod
296 710 414 780 propter
448 700 563 759 fidelem
594 699 674 758 Iouis
704 700 824 758 tutelam
854 716 1041 776 nequaquam
1069 716 1087 756 a
1115 697 1212 756 sidere

165 800 307 881 (Caprae)
322 800 462 859 abhorret.
493 798 615 857 Amicos
630 816 700 857 uero
714 798 790 858 fidos
804 797 930 875 quidem,
946 797 997 856 sed
1011 796 1130 856 timidos
1145 796 1213 872 quis

165 920 227 960 non
241 909 374 977 expertus
387 898 467 958 est?'
492 896 556 956 Nec
566 906 665 955 tamen
677 899 798 971 tz'tnzilaa
808 897 888 974 quod
902 907 931 956 et
946 895 1093 974 Scaligero
1103 896 1214 973 placuit

165 1010 194 1059 et
220 998 363 1070 Bentlei0,
389 998 420 1056 in
446 996 527 1074 fidae
552 995 696 1054 abiturum
724 995 812 1055 luisse
847 1013 934 1068 τεοῖς
961 996 1087 1072 pauzilae
1114 995 1216 1071 potius

166 1098 340 1176 scripserim.
1098 1152 1102 1159 ,

249 1196 330 1255 Hinc
342 1192 472 1272 pauidas
492 1201 607 1251 mentes
626 1192 876 1270 tremebundaque
897 1192 986 1252 corda
1007 1201 1153 1263 creantur,

251 1295 399 1370 Suspensa
420 1300 449 1350 at
470 1291 614 1367 strepitus,
635 1291 804 1368 lenibusque
825 1292 955 1368 obnoxia
974 1291 1077 1350 uentis.

251 1394 308 1452 His
329 1393 416 1450 etiam
438 1390 578 1466 ingeniost
598 1390 711 1449 uisendi
731 1391 832 1467 ignota
852 1391 968 1468 cupido,

249 1492 290 1550 Vt
311 1509 389 1549 noua
409 1508 461 1565 per
482 1499 585 1547 noctes
606 1498 748 1565 quaerunt
768 1490 885 1548 arbusta
904 1489 1042 1565 capellae,

252 1591 372 1667 Semper
393 1597 422 1646 et
441 1586 558 1646 ulterius
579 1596 731 1663 pascentes
752 1589 870 1647 tendere
890 1587 1027 1666 gaudent

210 1690 248 1749 V.
266 1692 402 1761 140-142
419 1686 460 1744 sic
473 1693 573 1743 extant
587 1685 618 1742 in
632 1685 749 1745 Gembl.

254 1787 370 1846 Taurus
391 1786 422 1842 in
442 1783 581 1842 aduersos
601 1802 796 1861 praecepsque
817 1785 955 1844 attollitur
975 1794 1056 1845 ortus

255 1886 343 1944 Sexta
362 1893 444 1960 parte
466 1883 509 1941 sui
530 1891 671 1942 certantes
691 1883 764 1943 lucis
784 1883 891 1944 odores

254 1983 386 2044 Peliades
407 1981 494 2040 ducit.

219 2103 275 2156 140
297 2099 437 2159 praeceps
459 2080 597 2138 attollitur
622 2079 690 2139 Cur.
713 2081 796 2157 Lips.
818 2081 903 2141 Voss.¹
924 2083 1020 2159 obp.
1041 2081 1225 2159 compellitur

182 2181 267 2243 Vota.²
276 2191 309 2239 ut
322 2179 429 2238 tollitur
443 2177 574 2254 Scaliger
587 2198 655 2237 cum
669 2180 775 2238 tollitur
787 2178 932 2239 Bentlez'us
967 2199 1020 2253 ¹41
1031 2180 1105 2240 lucis
1116 2180 1225 2240 odores

178 2283 246 2342 Cur.
272 2278 359 2339 Voss.1
377 2278 457 2353 szts.
470 2276 511 2335 ob
535 2277 597 2336 luce
622 2296 735 2337 sorores
761 2276 847 2338 Voss.²
866 2279 994 2354 Regiam.
1011 2279 1083 2339 lucis
1111 2280 1226 2339 honore

175 2380 332 2454 Breiterus‚
378 2394 432 2447 142
456 2374 587 2433 Pleiades
600 2377 703 2434 codices
709 2378 844 2453 plerique.

219 2476 328 2537 Omnia
347 2474 394 2533 hic
419 2473 469 2531 diu
496 2482 632 2544 correcta,
657 2494 769 2533 auersos
789 2473 877 2553 (Scal.
898 2474 1015 2556 Bentl.),
1039 2478 1098 2536 luce
1116 2496 1227 2537 sorores

179 2573 379 2656 (Regiomont.
398 2568 514 2648 Benna.
562 2571 620 2630 Sed
637 2572 717 2649 quod
745 2572 861 2632 Gembl.
886 2573 936 2632 dat
956 2575 1029 2634 sicut
1049 2574 1178 2649 exhibui,
1198 2575 1229 2634 id

180 2692 241 2733 non
255 2671 344 2730 credo
358 2688 420 2729 esse
427 2679 561 2746 praeceps
577 2690 638 2729 cum
656 2673 763 2729 tollitur
773 2669 894 2750 (Bentl.)
903 2691 1000 2750 neque
1013 2691 1084 2732 uero
1092 2683 1229 2751 praeceps

179 2778 214 2832 ut
231 2771 339 2831 tollatur
353 2765 455 2848 (Scal.)
470 2769 522 2828 sed
541 2789 598 2845 qua
617 2771 724 2829 tollitur
736 2770 785 2828 uel
804 2790 860 2845 qua
874 2773 1019 2831 attollatur.
1061 2771 1172 2831 Nescio
1190 2791 1230 2831 an

181 2869 335 2936 Breiterus‚
350 2867 421 2924 lucis
436 2867 536 2925 honore
553 2886 621 2926 cum
643 2869 827 2928 scribendum
842 2879 964 2946 putaret,
978 2871 1060 2929 odore
1078 2871 1110 2928 in
1130 2872 1230 2949 aliquo

181 2966 284 3028 codice
308 2964 451 3023 inuenerit
458 2984 468 3037 ,·
492 2964 608 3025 Gembl.
632 2977 709 3027 certe
734 2966 822 3026 habet
846 2968 949 3040 odores,
975 2987 1070 3046 neque
1094 2969 1176 3030 aliter
1200 2971 1231 3029 in

82 3048 84 3055 ’
182 3064 242 3124 ullo
258 3063 294 3123 de
308 3065 380 3122 meis
394 3068 516 3143 repperi.

227 3162 263 3222 V.
282 3164 420 3237 162-164
435 3166 477 3224 sic
491 3175 590 3225 extant
604 3166 634 3225 in
649 3166 764 3226 Gembl.

309 3261 362 3321 Ille
383 3263 462 3338 prius
483 3264 576 3323 uictor
596 3264 690 3324 stadio
710 3283 800 3341 quam
820 3266 926 3325 missus
947 3267 1039 3326 abibit

309 3360 420 3420 Illecito
441 3363 563 3421 moritur
582 3363 692 3438 rigidos
713 3363 830 3423 eludere
851 3376 948 3425 cestus

311 3458 399 3518 Nunc
421 3461 499 3520 exire
520 3461 592 3521 leuis
612 3463 716 3520 missas
738 3480 815 3521 nunc
837 3464 948 3522 mittere
969 3464 1090 3540 palmas.

234 3558 290 3632 163
301 3556 351 3616 llle
365 3559 423 3616 cito
428 3561 555 3634 plerique
568 3559 689 3618 moritur
709 3559 795 3619 Voss.¹
814 3561 879 3620 Cus.
894 3573 977 3621 motu
1001 3563 1087 3622 Voss.²
1105 3565 1236 3623 monitus

188 3653 229 3717 ed.
243 3653 333 3732 Neap.
378 3660 434 3729 164
449 3659 538 3717 missa
554 3657 621 3717 Cur.
641 3656 725 3717 Voss.¹

231 3751 309 3812 Cum
320 3754 350 3813 in
366 3757 420 3813 162
437 3759 539 3814 missus
553 3757 588 3816 sit
602 3775 662 3816 non
676 3757 772 3830 dubie,
784 3757 856 3817 desit
870 3768 967 3818 autem
980 3778 1017 3819 ex
1029 3777 1089 3838 quo
1103 3760 1238 3821 infinitiui

190 3851 443 3913 eludare-mallen
456 3854 609 3930 pendeant,
621 3855 746 3932 denique
760 3859 874 3916 massam
887 3857 917 3916 in
935 3861 991 3932 164
1005 3869 1152 3936 praestent
1167 3859 1238 3921 Cus.
