2760 4448
669 291 721 340 Jll
1155 289 1215 357 107

164 450 315 528 tprimam
330 450 455 511 litteram
474 449 620 528 sequentis
634 450 769 510 uocabuli
784 468 898 508 mensem
916 448 1093 525 praecedens
1110 468 1168 525 aga
1186 450 1217 506 in

164 567 197 607 se
211 549 299 608 traxit
311 559 341 608 et
355 549 508 626 absorpsit,
524 548 605 624 quod
620 547 831 626 dittographiae
845 565 938 624 genus
952 547 1217 624 frequentissimum

165 657 226 707 est:
250 658 300 707 aut
312 667 398 724 agam
413 667 450 707 ex
464 654 556 723 agant
567 647 757 724 deprauatum
771 658 823 718 est,
838 646 920 705 cuius
931 646 1035 705 erroris
1047 664 1108 704 non
1122 664 1217 722 pauca

165 754 266 804 extant
276 747 408 823 exempla
417 746 448 805 in
459 746 572 804 Manilii
584 746 720 804 carmine.
763 745 838 803 Vide
848 763 922 821 quae
932 745 971 803 ad
980 744 1019 803 II.
1030 747 1099 819 928,
1109 744 1145 801 V.
1156 757 1215 818 355

166 845 275 920 scripsi.
316 845 399 921 Agat
410 845 472 904 siue
492 850 583 921 agant
597 843 711 902 Manilii
732 843 793 914 fuit,
808 843 988 920 supplendus
1009 843 1062 902 erit
1081 843 1217 901 nomina·

166 943 241 1001 tiuus
255 946 270 998 ὁ
283 948 376 1017 τυχών,
388 948 413 1000 at
426 947 555 1018 τυχόντες,
571 943 700 1020 quisquis
714 943 760 1001 ille
775 951 819 1001 est
832 960 920 1019 quem
938 960 1054 1019 semper
1072 941 1216 1000 inanimo

165 1040 253 1100 habet
287 1051 375 1118 poeta
415 1041 602 1118 horoscopon
635 1042 832 1118 indagantem,
867 1041 1026 1099 inhiantem
1068 1041 1215 1117 genituris.

166 1139 345 1199 Huiusmodi
366 1141 564 1199 nominatiuus
584 1149 679 1217 potest
699 1158 763 1199 esse
784 1139 840 1197 III.
856 1142 915 1215 498
929 1158 992 1197 cum
1006 1146 1094 1198 teneat
1106 1146 1213 1214 partes,

166 1257 335 1315 quanquam
360 1239 447 1297 aliam
476 1249 506 1297 et
530 1239 650 1298 fortasse
677 1240 820 1297 ueriorem
848 1237 1071 1314 explicationem
1100 1248 1216 1297 secutus

166 1354 240 1394 sum.
282 1338 319 1395 ln
336 1337 375 1395 ΙΙ.
392 1341 450 1411 825
468 1338 571 1397 eadem
591 1348 635 1396 est
653 1337 801 1407 dubitatio,
817 1355 885 1395 curn
902 1335 1018 1395 Gembl.
1038 1346 1066 1395 et
1085 1356 1100 1394 0
1115 1337 1215 1412 possr's,

166 1434 293 1511 plerique
309 1437 403 1511 possit
423 1435 598 1494 tradiderint.
640 1437 727 1512 Prop.
750 1436 786 1493 iv.
801 1432 854 1515 (v.)
881 1453 907 1492 2.
933 1452 979 1506 11,
1008 1452 1042 1491 12
1067 1431 1123 1492 Seu
1147 1436 1214 1510 quta

166 1536 296 1592 uertentr‘s
297 1534 432 1610 fructum
439 1537 632 1612 praecepimus
652 1537 725 1592 anni
744 1535 891 1593 Vertumni
901 1552 1006 1591 rursus
1025 1533 1143 1590 crede'drt
1160 1552 1216 1590 esse

165 1651 277 1689 sacrum
297 1650 400 1692 omnes
419 1633 536 1691 codices
557 1643 723 1709 praestant:
746 1632 800 1691 sed
816 1650 918 1691 uerum
935 1639 1032 1709 potest
1049 1649 1113 1690 esse
1134 1630 1215 1707 quod

167 1728 378 1789 Housmannus
389 1731 513 1790 coniecit
527 1732 617 1790 credes
631 1733 669 1788 id.
697 1730 785 1807 Apud
799 1730 981 1789 Frontonem
995 1730 1027 1786 in
1041 1730 1163 1806 epistula
1177 1728 1215 1788 ad

168 1825 209 1884 M.
233 1827 388 1888 Caesarem
416 1829 455 1909 (v.
479 1850 515 1888 22
538 1829 651 1911 Naber)
679 1837 749 1906 aput
774 1849 895 1887 censeres
921 1829 1080 1905 expostulat
1092 1837 1214 1887 *certum

166 1926 296 1985 uidetur:
317 1937 419 2005 estque
440 1929 569 1988 eiusdem
584 1930 648 2006 styli
663 1929 744 2006 quod
758 1928 899 1987 Frontoni
913 1926 957 1985 M.
972 1927 1080 1986 Caesar
1094 1926 1215 2003 rescrip-

165 2025 200 2082 sit
217 2022 256 2103 (v.
275 2024 326 2105 23)
343 2029 374 2084 r'n
395 2029 449 2086 huc
465 2030 583 2086 materia
604 2030 710 2086 deutrus
729 2027 911 2086 laborandum
925 2034 966 2083 est
983 2026 1135 2103 utfactum
1155 2045 1214 2083 cre-

165 2124 249 2180 datur
262 2143 345 2200 quam
359 2131 392 2182 ut
403 2128 553 2184 r'rascatur.

204 2222 241 2279 In
262 2224 448 2299 sequentibus
468 2227 507 2282 set
525 2226 610 2297 truite,
626 2227 666 2283 sit
677 2226 780 2282 durrbr
799 2223 928 2300 Scaliger
941 2223 1072 2294 correxit,
1089 2220 1214 2280 adsenti-

164 2329 230 2378 ente
246 2317 389 2380 Salmasio
404 2321 440 2380 de
449 2320 544 2381 Annis
558 2322 767 2382 Climactericis
781 2342 810 2399 p.
824 2341 890 2397 322.
922 2321 980 2380 Sed
994 2339 1021 2378 u.
1035 2334 1092 2394 553
1108 2320 1215 2378 haereo

164 2419 191 2475 in
207 2418 262 2478 illis
279 2419 336 2477 sibi
350 2421 465 2478 credere.
509 2419 727 2498 Significantne,
742 2420 813 2478 nihil
828 2439 891 2478 esse
909 2419 955 2478 cui
968 2419 1012 2478 fas
1027 2419 1062 2477 sit
1076 2418 1106 2476 in
1120 2428 1214 2476 totum

163 2517 218 2574 sibi
233 2517 373 2577 credere?
415 2518 455 2576 At
468 2528 631 2596 repugnant
650 2520 802 2595 sequentia
815 2517 884 2576 Nan
897 2537 985 2576 annas
998 2519 1098 2592 segnes,
1113 2536 1215 2574 menses

163 2615 328 2672 stertentibus
348 2618 440 2674 annis
483 2617 583 2676 Potius
604 2635 773 2694 comparem
787 2616 824 2674 V.
840 2630 908 2691 357,
926 2619 984 2691 358
998 2615 1064 2673 Hac
1083 2621 1124 2672 est
1141 2617 1215 2673 artz's

163 2723 230 2788 opus
257 2733 312 2770 non
335 2721 495 2790 exspectare
512 2718 656 2791 gementes,
680 2715 725 2773 Et
747 2716 804 2773 sibi
828 2734 883 2772 non
912 2733 996 2790 aegro
1023 2715 1081 2771 ram
1109 2715 1214 2771 dudum

162 2812 271 2869 eredere
290 2823 400 2889 carpus.
443 2812 521 2872 Nam
540 2823 572 2872 ut
593 2815 632 2872 ibi
652 2832 712 2871 non
734 2823 777 2871 est
795 2813 973 2872 credendum
995 2830 1102 2888 corpus
1124 2830 1215 2888 aegro

163 2910 225 2980 sibi,
240 2911 283 2969 sic
298 2910 343 2968 hic
357 2910 427 2970 nulli
440 2911 506 2970 licet
520 2912 682 2989 quidquam
695 2913 803 2969 credere
816 2914 847 2969 in
855 2917 938 2969 tatum
953 2911 1010 2968 siti
1020 2911 1049 2968 h.
1059 2929 1085 2969 e.
1095 2911 1122 2968 ei
1134 2910 1214 2987 quod

162 3007 242 3083 prius
266 3007 358 3078 fuerit,
378 3028 447 3067 cum
469 3010 599 3069 incidant
621 3020 664 3069 tot
687 3011 840 3069 uarietates
864 3026 960 3067 rerum
982 3027 1017 3068 ac
1038 3018 1213 3084 temporum.

164 3105 279 3165 ‘There
290 3107 314 3164 is
330 3107 455 3183 nothing
465 3108 557 3167 which
572 3126 640 3184 may
650 3110 687 3167 be
701 3108 811 3167 trusted
822 3106 982 3183 absolutely
997 3116 1028 3165 to
1042 3107 1090 3165 the
1106 3106 1213 3165 deduc·

162 3204 240 3263 tions
265 3203 300 3262 of
325 3205 362 3263 its
383 3216 451 3281 past
475 3207 664 3283 experience:
688 3224 746 3282 you
770 3217 879 3264 cannot
905 3215 978 3264 trust
1002 3205 1051 3264 the
1076 3223 1158 3281 years
1182 3214 1212 3263 to

162 3301 224 3360 find
247 3301 296 3361 the
313 3301 451 3362 Zodiacal
477 3305 558 3381 signs
582 3305 696 3382 exactly
718 3323 750 3363 as
772 3305 840 3380 they
861 3323 936 3362 were
957 3304 1066 3376 before,
1089 3321 1145 3362 nor
1163 3302 1213 3361 the

162 3400 283 3459 months
305 3410 335 3460 to
358 3400 407 3460 the
429 3404 607 3462 revolutione
628 3403 661 3462 of
686 3413 752 3480 past
773 3421 866 3480 years,
891 3420 926 3461 or
947 3402 996 3461 the
1019 3402 1090 3478 days
1113 3415 1143 3460 to
1164 3401 1213 3460 the

162 3497 290 3570 months,
305 3516 340 3557 or
360 3499 399 3558 all
416 3499 465 3559 the
485 3500 573 3560 hours
595 3500 629 3559 of
646 3520 664 3560 a
685 3502 741 3578 day
761 3511 792 3559 to
815 3501 996 3577 correspond
1016 3500 1084 3558 with
1104 3499 1213 3558 former

161 3593 253 3672 days.'

203 3693 258 3752 III.
275 3708 331 3769 571
349 3696 390 3754 sic
406 3707 539 3756 exaratus
553 3708 597 3756 est
611 3698 641 3755 in
656 3697 772 3757 Gembl.

285 3792 392 3870 Bisque
413 3813 521 3854 nouem
542 3815 662 3855 nemeae
683 3797 783 3854 tribuis
804 3796 968 3871 bissemque
991 3796 1044 3852 sub
1066 3794 1120 3852 illis

160 3909 264 3951 nemee
286 3892 393 3952 tribues
416 3891 499 3952 Voss.¹
514 3914 529 3952 a
545 3893 611 3954 Cur.
627 3912 713 3954 neme
734 3896 860 3954 etribues
883 3892 968 3953 Vess,²
981 3911 1084 3952 nemee
1099 3893 1181 3953 dabis
1195 3894 1212 3952 b
