2760 4448
663 284 710 334 rr
1151 281 1215 355 155

163 441 342 522 intelligere¹
363 441 471 525 (879);
493 454 638 504 extremos
655 445 759 504 limites
779 444 868 504 maris
890 442 1020 523 (panim
1041 443 1130 518 enim,
1153 463 1214 505 non

157 550 274 622 porrum
289 544 473 604 scribendum
491 562 555 604 esse
574 543 721 604 Bentleius
738 541 877 623 ostendit)
893 561 927 603 ac
941 552 1033 602 terrae
1046 552 1215 620 perspectos

165 642 273 702 habere
288 651 319 702 et
337 653 478 720 tauquam
497 643 659 702 domestico
678 660 734 700 usu
751 641 883 718 cognitos
898 640 980 721 (880,
997 637 1078 719 881).
1122 641 1215 714 ¹Haec

165 741 266 799 omnia
280 759 298 799 a
311 739 356 800 dis
370 741 438 800 data
452 740 620 801 hominibus
634 739 714 799 silas
729 750 773 798 est
786 741 910 816 arripere
925 749 955 799 et
968 739 1113 816 amplecti,
1126 757 1215 816 quam

164 849 252 897 tenue
272 849 317 898 est
337 820 534 917 exiguumque
555 840 635 917 quod
657 848 794 916 superest,
809 841 944 897 rale'onem
965 840 1067 897 discere
1086 840 1173 896 necas
1187 847 1216 898 et

165 947 318 996 astrorum.

208 1034 288 1094 Nihil
301 1035 348 1095 hic
361 1044 406 1096 est
420 1035 501 1115 quod
516 1035 683 1113 scrupulum
698 1027 823 1107 mo'ueat,
839 1035 893 1093 nisi
908 1034 988 1113 quod
1002 1034 1118 1094 Gembl.
1130 1039 1213 1093 censae

166 1135 195 1193 h.
209 1154 236 1195 e.
257 1153 389 1207 censum,
409 1154 470 1194 non
494 1155 600 1209 censeo,
622 1134 757 1193 exhibet:
782 1135 834 1193 sed
858 1153 954 1192 census
981 1144 1025 1192 est
1048 1134 1078 1191 in
1103 1134 1216 1210 optimo

166 1231 267 1293 Voss?
305 1232 407 1292 Vnum
429 1234 567 1311 estquod
587 1233 791 1292 emendatione
805 1242 890 1308 egeat
907 1231 1020 1304 Quanta
1034 1239 1065 1303 el,
1081 1250 1135 1309 pro
1156 1250 1216 1310 quo

167 1351 279 1410 repono
293 1331 405 1404 Quanta
419 1352 460 1406 ea,
475 1334 503 1392 h.
519 1353 544 1392 e.
554 1351 642 1411 quam
656 1351 746 1410 parua
757 1344 886 1409 superest
899 1350 935 1391 ea
945 1349 1020 1407 parS,
1030 1341 1061 1390 ut
1072 1341 1216 1390 astrorum

167 1432 293 1490 rationes
306 1439 336 1490 et
350 1442 484 1490 naturam
497 1433 714 1508 perspiciamus.

210 1526 311 1611 [Nunc
316 1529 403 1589 uideo
408 1529 585 1589 Kramerum
594 1531 624 1588 in
629 1529 827 1589 dissertatione
832 1529 869 1586 de
878 1528 1021 1588 infinitiuo
1029 1525 1107 1604 apud
1119 1526 1217 1586 Mani-

168 1628 239 1687 lium
252 1647 280 1705 p.
296 1631 314 1686 8
329 1629 486 1688 infinitiuos
500 1625 1218 1704 descendere-componere—serre—sequrss-sube‘re

169 1727 460 1787 -ue‘uere—edrscere
473 1726 567 1786 lacere
581 1745 617 1785 ex
632 1728 714 1784 eruat
725 1727 894 1803 pendentes.
921 1724 968 1783 Sic
981 1725 1004 1783 si
1015 1725 1108 1784 uoluit
1119 1733 1216 1800 poeta,

169 1824 299 1884 licentius
313 1843 408 1903 aequo
422 1824 596 1885 sententiam
610 1823 761 1901 disposuit,
775 1841 895 1882 sensum
909 1823 940 1881 in
954 1824 1080 1883 obscuro
1094 1822 1217 1900 reliquit.

211 1922 360 1983 Bentleius
374 1934 533 1984 structurae
548 1924 588 1984 sie
600 1923 778 2000 suppetiatus
791 1932 836 1981 est
849 1933 881 1980 ut
897 1925 954 1980 882
974 1921 1217 1993 Quanta-nectes

169 2021 376 2098 interpolatum
392 2022 518 2094 haberet,
529 2025 618 2082 uerba
631 2041 683 2080 cur
697 2041 751 2079 non
765 2028 792 2079 et
803 2040 919 2080 munere
934 2024 1006 2079 eaele‘
1021 2020 1062 2079 sic
1078 2020 1219 2079 scriberet

172 2139 226 2178 cur
240 2139 294 2178 nen
314 2129 355 2180 est
370 2141 480 2180 munere
494 2124 572 2194 caeli,
586 2121 665 2180 unde
684 2120 825 2197 penderet
840 2121 999 2179 inlinitiuus
1015 2119 1171 2178 descendere
1190 2128 1218 2177 et

169 2219 219 2295 qui
236 2218 315 2279 hunc
327 2231 473 2280 secuntur.
499 2220 558 2280 Sed
567 2201 634 2279 non
648 2221 716 2278 satis
726 2236 833 2278 causae
845 2219 970 2277 ostendit
981 2236 1034 2277 cur
1048 2235 1149 2276 uersus
1164 2217 1218 2275 iste

173 2317 285 2388 Quanta
304 2324 332 2376 e!
340 2330 416 2395 pars
429 2326 553 2396 superest
573 2320 707 2377 radonem
732 2316 834 2374 de's'cere
859 2319 945 2374 noete's
968 2316 1082 2392 spurius
1108 2315 1231 2393 iudica·¹
1276 2323 1279 2330 '

169 2425 264 2490 retur3
280 2434 377 2494 neque
390 2418 420 2475 in
436 2416 515 2477 MSS
529 2418 688 2494 quicquam
702 2425 747 2474 est
761 2415 817 2473 nisi
832 2421 859 2472 el
870 2434 993 2472 munera.

212 2514 287 2574 Mihi
307 2498 401 2592 placet
421 2517 511 2574 uerba
532 2517 627 2592 potius
649 2524 697 2573 aut
719 2515 761 2572 sic
780 2509 890 2572 struere
910 2523 943 2571 ut
963 2530 1051 2589 supra
1070 2511 1219 2589 proposui,

162 2624 220 2673 -aut
240 2616 302 2670 κατὰ
321 2614 434 2685 σύνεσιν,
448 2624 481 2672 ut
501 2633 537 2673 ex
551 2615 611 2673 istis
628 2613 741 2685 Quanta
756 2632 787 2671 ee
795 2624 871 2690 pars
883 2619 1007 2687 superest
1038 2610 1066 2668 h.
1076 2631 1100 2670 e.
1116 2610 1219 2684 Quan-

170 2712 264 2770 tillum
291 2721 335 2771 est
362 2712 392 2770 id
414 2712 494 2790 quod
520 2721 617 2785 restat,
641 2723 673 2771 ut
696 2712 761 2789 quis
791 2711 885 2772 noctis
914 2720 943 2768 et
972 2710 1098 2769 siderum
1126 2710 1220 2768 discat

169 2811 306 2882 rationes
329 2811 496 2887 suppleatur
523 2830 575 2888 per
599 2812 783 2889 aposiopesin
807 2809 967 2886 quamdam
992 2808 1021 2889 id
1044 2809 1125 2887 qu'od
1148 2827 1219 2868 con·

170 2910 289 2968 trarium
303 2918 347 2968 est
363 2915 520 2987 ‘magnum
534 2929 604 2969 sane
618 2907 678 2982 est,'
694 2911 741 2969 uel
757 2914 912 2986 ‘quantum
926 2905 988 2966 est.¹

294 3008 388 3085 Inque
409 3009 490 3084 ipsos
512 3009 626 3084 penitus
647 3007 749 3065 mundi
771 3006 945 3065 descendere
966 3023 1081 3076 censuS,

295 3106 519 3184 Seminibusque
541 3107 600 3165 suis
621 3115 733 3164 tantam
754 3123 934 3180 componere
955 3104 1065 3162 molem

293 3204 332 3264 Et
353 3217 468 3282 partum
490 3206 561 3264 caeli
582 3223 636 3264 sua
656 3223 709 3281 per
729 3203 850 3262 nutricia
870 3201 952 3275 serre,

294 3303 523 3381 Extremumque
544 3304 625 3381 sequi
646 3314 771 3380 pontum
791 3311 942 3379 terraeque
964 3300 1062 3360 subire

296 3400 452 3461 Pendentis
473 3410 582 3462 tractus
603 3411 631 3460 et
652 3412 714 3462 toto
735 3401 834 3459 uiuere
855 3399 885 3457 in
907 3400 1028 3458 orbe—

295 3499 414 3571 Quanta
435 3519 470 3559 ea
490 3519 558 3577 pars
579 3511 719 3578 superest,
741 3499 883 3557 rationem
905 3497 1015 3556 discere
1037 3493 1148 3553 noctisl

214 3598 302 3674 Prop.
314 3599 348 3656 iv.
361 3601 388 3657 6.
401 3601 438 3673 65
456 3599 501 3657 Di
512 3601 632 3658 melius!
645 3606 765 3675 quantus
779 3597 968 3673 mulr'erseret
979 3614 1036 3652 une
1050 3594 1218 3669 triumphes,

172 3696 287 3756 Ductus
299 3703 361 3756 era!
365 3708 420 3774 per
432 3717 508 3774 ques⁴
518 3705 580 3756 ante
593 3698 738 3774 Iugurtha
753 3689 842 3756 uias!
864 3695 891 3753 h.
907 3715 931 3754 e.
946 3684 1120 3772 quantulus]

206 3828 214 3858 ¹
234 3827 314 3878 Aliter
325 3827 457 3887 Bentleius,
465 3834 572 3891 partum
585 3828 647 3876 caeli
657 3826 781 3875 hominem
793 3825 942 3890 intelligens,
951 3822 992 3888 qui
1004 3821 1065 3872 locis
1076 3819 1220 3872 caelestibus

172 3894 248 3945 initio
259 3893 338 3946 factus
350 3902 374 3944 et
385 3895 499 3956 nutritus,
511 3902 567 3958 post
579 3893 602 3942 in
612 3901 687 3943 terras
698 3892 817 3942 demissus
828 3899 873 3942 est.
