2760 4448
248 301 309 367 132
563 293 710 345 NOCTES
729 290 977 342 MANILIANAE

287 469 345 530 519
369 449 441 532 Fe(e
468 449 664 532 Voss.¹)minea
689 451 821 511 Vossrbm‘
867 451 998 511 Feminei
1023 449 1065 508 ob
1089 448 1180 509 iaceat
1207 445 1291 507 Voss.¹

247 616 314 676 Cur.
333 618 428 676 iuceat
449 614 536 675 Voss.2
556 617 667 675 iaceant
688 615 730 674 ob
750 565 825 676 iacel
838 616 919 690 Lips.
938 622 999 674 teste
1019 613 1118 673 Iacobo
1161 613 1292 672 Feminei

243 715 381 774 incedunt
394 714 486 773 Bentl.
502 714 640 773 Feminea
654 714 813 773 incendunt
830 713 952 772 Iacobus.

285 813 423 891 Suspicor
437 812 621 871 scribendum
634 832 698 872 esse
711 813 845 870 Fenanea
858 815 990 871 inlectant
1002 811 1048 871 uel
1063 813 1234 886 inlaqueant.

282 911 337 971 IV.
352 926 493 987 530-534
509 911 550 970 sic
563 921 661 970 extant
675 912 705 969 in
720 910 835 969 Gembl.

364 1011 405 1068 At
425 1011 508 1086 niger
529 1011 654 1068 obscura
674 1027 779 1069 cancer
799 1027 867 1069 cum
889 1010 967 1069 nube
989 1008 1094 1067 leretur

366 1107 451 1179 Quae
471 1108 551 1166 uelut
571 1117 676 1166 exutus
696 1108 816 1183 phebeis
837 1108 952 1184 ignibus
973 1106 1049 1182 ignis

365 1205 464 1265 Defuit
484 1217 511 1264 et
533 1207 624 1264 multa
644 1205 737 1265 fuscat
757 1205 880 1282 caligine
901 1205 988 1282 sydus

365 1302 492 1362 Lumina
512 1304 645 1363 deficient
665 1313 744 1363 artus
763 1304 969 1381 geminamque
990 1304 1092 1362 creatis

365 1401 492 1462 Mortem
513 1402 571 1462 lata
591 1401 703 1462 dabunt
727 1420 760 1462 se
782 1402 905 1480 quisque
927 1412 956 1461 et
977 1403 1049 1461 uiuit
1069 1411 1097 1461 et
1117 1399 1209 1460 effert.

285 1517 341 1578 531
359 1500 440 1560 Fort.
456 1500 587 1574 Qualiter
689 1511 794 1560 exutus
815 1499 899 1560 Voss¹
916 1499 984 1560 Cur.
1000 1509 1118 1560 exsutus
1140 1496 1228 1558 Voss.2
1242 1517 1293 1557 ex-

241 1600 347 1660 tinctus
361 1619 377 1658 o
389 1609 508 1659 exustus
518 1599 646 1658 Iacobus.
688 1614 745 1674 532
762 1598 867 1658 Deficit
885 1599 971 1658 Voss.2
981 1618 1005 1657 o.
1049 1614 1085 1674 53
1090 1617 1106 1672 3
1122 1607 1204 1656 ortos
1214 1595 1294 1656 Scal.

283 1697 362 1756 Nihil
389 1697 437 1757 hic
463 1697 643 1769 mutandum,
673 1697 727 1756 nisi
754 1696 835 1775 quod
862 1702 978 1755 exustus
1008 1715 1062 1773 pro
1089 1701 1195 1755 exutus
1222 1712 1293 1754 curn

241 1797 361 1867 Iacobo,
373 1795 484 1874 Defluit
491 1814 544 1872 pro
555 1795 661 1869 Defuit
669 1814 784 1855 mecum
796 1795 931 1872 corriges.
965 1794 1043 1854 Nam
1054 1794 1161 1870 Deficit
1169 1804 1293 1871 propter

242 1912 367 1972 sequens
378 1895 511 1972 deficiunt
518 1894 730 1970 repudiandum
738 1893 859 1954 uidetur.
903 1893 1011 1952 Sensus
1020 1904 1080 1952 est:
1096 1910 1163 1950 cum
1175 1888 1293 1951 Cancer

241 1993 442 2052 'obscurabitur
450 1994 537 2064 nube,
545 2009 620 2069 quae
632 1993 732 2064 nubes
743 1993 816 2050 sicut
830 1992 934 2051 accidit
942 1992 1078 2068 quotiens
1093 1990 1168 2067 ignis
1178 1990 1210 2047 in
1221 1989 1292 2048 foco

242 2091 303 2150 sole
317 2100 410 2149 tactus
418 2099 469 2161 est,
479 2100 510 2149 ut
524 2090 659 2149 fiammae
674 2093 800 2167 primum
811 2090 1040 2166 exstinguantur,
1052 2088 1157 2147 deinde
1167 2107 1206 2147 ex
1218 2106 1290 2147 can·

243 2190 379 2248 dentibus
399 2207 433 2247 ac
454 2188 571 2248 feruidis
585 2189 685 2247 omnia
706 2189 814 2247 sensim
835 2189 918 2264 nigra
933 2189 1045 2256 fianta
1066 2204 1183 2246 summa
1205 2197 1290 2263 parte

242 2288 341 2346 sideris
358 2287 457 2346 defluit
476 2287 507 2345 in
520 2289 580 2345 ima
598 2297 750 2363 totumque
763 2287 881 2363 signum
896 2286 1002 2345 Cancri
1019 2285 1143 2362 caligine
1158 2284 1290 2356 obducit,

242 2404 278 2445 eo
299 2397 432 2462 tempore
453 2386 527 2444 natis
548 2386 624 2444 oculi
645 2403 754 2462 corpus
775 2385 918 2457 deficient,
940 2385 1000 2443 uita
1021 2384 1210 2461 protendetur
1229 2394 1291 2442 tarn

242 2485 303 2543 sine
320 2484 427 2560 gaudio
441 2494 559 2562 propter
572 2484 742 2543 caecitatem
756 2494 787 2542 ut
795 2485 877 2560 quasi
892 2483 938 2542 bis
955 2483 1030 2541 mori
1044 2483 1206 2543 uideantur.

282 2595 334 2654 IV.
349 2609 487 2670 539-541
506 2594 547 2653 sic
563 2605 662 2654 extant
677 2595 707 2652 in
722 2593 839 2653 Gembl.

363 2693 462 2753 Tanta
483 2693 574 2753 fames
595 2694 785 2770 animumque
807 2693 861 2751 sibi
882 2703 942 2751 tarn
965 2691 1027 2751 dira
1048 2692 1156 2768 cupido

365 2791 491 2868 Corripit
511 2801 543 2850 ut
563 2792 658 2868 capiat
680 2803 772 2871 semet
793 2810 847 2850 nec
870 2790 1018 2867 compleat
1038 2809 1180 2868 umquam

363 2891 458 2967 inque
479 2890 580 2967 epulas
601 2889 687 2947 lunus
707 2890 801 2949 retitet
822 2889 1027 2967 praeciumque
1048 2888 1183 2965 sepulcri.

284 3018 342 3080 539
364 3005 418 3062 sibi
439 3007 514 3062 codd.
532 3004 574 3071 ibi
589 3004 629 3061 ed.
643 3003 767 3062 Moltniz'
804 3004 861 3062 cibi
884 3002 1020 3079 Scaliger.
1064 3017 1119 3078 541
1140 3005 1233 3062 retitet
1254 3005 1290 3062 al.

242 3112 358 3161 reuocet
379 3103 458 3178 Lips
480 3112 597 3163 reuocet
625 3101 709 3160 Voss.1
733 3103 786 3160 ab.
838 3102 981 3160 Bentlezus
1006 3117 1073 3178 539,
1095 3118 1154 3177 540
1179 3107 1291 3178 spurios

241 3221 277 3259 ra
279 3209 323 3258 tus
336 3201 446 3276 rediget
460 3222 498 3260 ex
512 3204 581 3259 coni.
591 3204 690 3277 posuit.
729 3199 768 3259 N
764 3220 810 3258 um
825 3200 969 3277 sunusque
984 3201 1066 3259 litet?

283 3298 427 3359 Describit
455 3301 538 3374 gulae
563 3300 685 3371 deditos,
711 3299 806 3376 qualis
828 3298 881 3357 fuit
909 3298 1105 3376 Erysichthon
1133 3298 1181 3358 ille
1209 3246 1290 3376 apud

243 3397 355 3458 Callim.
367 3398 407 3456 H.
423 3397 488 3458 Cer.
504 3410 531 3457 et
546 3398 681 3457 Ouidi
649 3398 834 3456 Mssetamm
809 3398 864 3455 v1ii.
874 3400 932 3469 814
947 3416 1010 3474 sqq.
1047 3396 1291 3457 Ouidiumetiam

242 3497 288 3555 hic
310 3509 425 3556 secutus
445 3497 557 3554 uidetur
574 3495 721 3555 Manilius.
764 3494 849 3555 Certe
866 3515 903 3554 ex
923 3495 992 3555 Met.
1008 3496 1064 3554 viii.
1080 3499 1222 3569 840-842
1240 3496 1292 3556 Sic

242 3597 336 3671 epula
363 3615 453 3653 onrnes
480 3594 697 3668 Erysichthonis
725 3614 775 3652 ora
797 3595 925 3672 prrffani
948 3593 1101 3669 Accipiunt
1119 3602 1291 3670 poscuntque

241 3696 334 3752 serrrul.
378 3693 465 3753 Cibus
483 3696 572 3751 onmis
591 3697 620 3750 in
636 3696 683 3751 illo
699 3693 795 3750 Causa
809 3694 867 3751 cibi
879 3698 924 3763 est,
940 3703 1094 3768 semperque
1107 3693 1182 3750 locus
1189 3693 1233 3769 fit
1246 3696 1290 3750 in·

242 3795 305 3850 arrc's
319 3794 416 3850 edendo
431 3802 459 3850 et
471 3796 528 3866 875
544 3810 607 3868 sqq.
627 3792 674 3849 Vis
687 3799 777 3849 taurea
789 3792 839 3848 illa
854 3793 1071 3866 malipostquam
1086 3798 1293 3866 consumpserat

243 3911 344 3949 aunum
359 3890 514 3950 illatcrc'arn
530 3892 688 3966 dederatque
701 3893 796 3966 graui
809 3909 882 3948 noua
895 3890 1004 3965 pabtcla
1023 3888 1123 3961 urorbo,
1142 3888 1208 3964 Ipse
1227 3910 1290 3948 suos
