2760 4448
562 263 613 311 rrr
1047 265 1108 328 109

55 441 168 482 errasse
182 421 252 481 mihi
267 420 407 483 uidetur¹.
449 419 547 480 Etiam
562 421 609 480 hic
622 421 688 479 solis
704 437 779 481 unus
788 418 888 482 Voss.²
902 421 1029 480 seruauit
1043 437 1114 480 cum

55 521 176 580 Gembl.
191 521 279 581 ceteri
293 521 394 581 uitiose
407 520 484 578 soles.

97 619 153 678 111.
169 622 238 696 580,
254 623 310 693 581

182 716 246 776 Nec
268 717 336 776 satis
356 724 401 776 est
422 735 517 776 annos
538 717 689 793 signorum
711 735 834 776 noscere
855 726 950 776 certos

181 814 229 874 Ne
249 816 335 874 lateat
356 816 429 874 ratio
450 816 539 874 finem
561 815 766 892 quaerentibus
787 816 861 874 aeui.

97 912 145 973 Ne
158 916 243 973 lateat
256 915 388 986 codices;
409 915 462 974 sed
476 924 543 990 post
557 912 619 972 Nec
632 916 702 971 satzi
719 920 759 971 est
776 913 1004 990 exspectandum
1019 912 1115 989 potius

57 1021 120 1071 crat
134 1011 184 1071 Ni
188 1019 293 1089 pateat.
321 1013 360 1070 ΙΙ.
376 1015 435 1087 643
450 1011 512 1072 Nec
524 1015 596 1071 setes
609 1013 660 1070 lroe
671 1019 788 1083 tontum,
799 1013 867 1070 solii
881 1013 1007 1070 insistere
1016 1014 1117 1087 signis.

61 1111 252 1188 Contemplare
261 1114 349 1170 locum
363 1113 436 1171 caeli
441 1113 578 1186 sedemque
591 1130 742 1186 ungarum.
762 1110 815 1168 IV.
827 1109 1116 1185 409-411Neesotis

57 1216 99 1268 est
105 1211 198 1285 segnis
207 1211 379 1267 dominantia
388 1211 491 1267 discere
499 1211 584 1284 signe
592 1209 653 1266 Per
661 1209 742 1266 denos
752 1228 881 1266 numeros
892 1215 918 1266 et
925 1227 996 1284 quae
1004 1211 1063 1267 sint
1072 1210 1115 1265 in-

57 1310 115 1366 sita
125 1308 223 1383 cuz'que
231 1307 290 1366 Sed
294 1309 433 1384 proprz'as
436 1292 536 1383 portes
547 1309 624 1383 ipsos
638 1313 759 1381 spectare
773 1314 908 1365 memento.
924 1306 963 1364 ΙΙ.
975 1321 1041 1381 270,
1056 1320 1111 1380 271

59 1404 121 1464 Nec
138 1407 210 1463 satt‘s
228 1413 269 1464 est
278 1407 415 1482 proprias
431 1407 579 1481 signorum
596 1424 705 1462 noscere
712 1407 831 1478 sternens
852 1403 995 1464 Consensu
1013 1424 1116 1481 quoqne

48 1506 124 1582 sata
141 1511 251 1562 morant
268 1509 294 1562 et
299 1505 417 1582 foedere
433 1505 564 1580 gaudent.
607 1502 668 1574 Qui
686 1512 744 1561 tres
765 1503 821 1562 loci
842 1502 899 1562 hoc
920 1503 1028 1561 habent
1047 1521 1116 1561 cum

60 1612 161 1661 nostro
182 1619 348 1673 commune,
363 1602 444 1679 quod
464 1603 554 1660 altero
575 1621 619 1659 res
640 1601 784 1660 inducitur
803 1620 880 1678 quae
901 1612 968 1677 post
989 1602 1114 1678 priorem

60 1699 168 1776 negligi
189 1717 250 1758 non
270 1699 382 1758 debeat.
429 1699 531 1775 Itaque
552 1698 608 1758 hoc
629 1698 696 1757 dicit
717 1710 823 1775 poeta:
846 1718 906 1759 non
928 1699 997 1758 satis
1018 1701 1114 1759 estin

59 1798 229 1856 uniuersum
250 1815 369 1857 noscere
391 1805 464 1874 quot
484 1814 577 1856 annos
600 1797 714 1873 singula
737 1797 856 1857 Zodiaci
878 1798 962 1874 signa
980 1799 1115 1869 tribuant,

62 1896 116 1954 nisi
132 1895 238 1955 certior
246 1894 392 1972 quaedam
406 1894 479 1954 ratio
490 1894 542 1952 tibi
553 1905 665 1971 pateat:
684 1896 856 1972 inspiciendi
867 1906 934 1954 sunt
944 1896 1078 1954 cardines
1089 1895 1117 1953 iv

61 1994 200 2066 caeli‚viii
215 1993 355 2070 regiones
368 1993 392 2052 si
403 1993 478 2052 uitae
492 1993 582 2051 finem
597 1993 738 2071 cuiusque
754 1995 872 2054 definire
887 1995 994 2070 cupies.
1025 1993 1117 2065 Quod

62 2094 176 2152 uidetur
198 2092 305 2150 idcirco
330 2091 522 2163 subiunxisse‚
544 2110 582 2150 ne
603 2092 688 2150 toties
709 2094 870 2152 errantibus
894 2090 1116 2161 mathematicis

61 2192 148 2250 toties
172 2191 246 2250 falsa
268 2209 305 2249 ex
322 2189 489 2266 horoscopo
510 2190 751 2266 praedicentibus,
767 2200 826 2250 tota
846 2191 921 2250 ratio
942 2189 1117 2266 astrologiae

62 2299 179 2349 corruat
193 2308 247 2348 nec
261 2308 331 2348 uera
345 2289 403 2347 iarn
418 2289 574 2348 existimari
589 2289 688 2365 possit.

103 2388 159 2446 ΙΙΙ.
176 2391 245 2463 588,
261 2391 318 2464 589
335 2388 375 2446 sic
390 2397 491 2447 extant
504 2387 535 2445 in
550 2386 667 2446 Gembl.

186 2485 264 2544 Cum
284 2487 358 2545 bene
380 2486 514 2544 materies
535 2487 643 2544 steterit
663 2505 715 2562 per
736 2485 969 2562 cognita'rerum

187 2582 258 2641 Non
279 2584 455 2660 interpositis
475 2585 636 2642 turbabitur
656 2584 784 2660 undique
804 2585 951 2644 membris.

106 2680 165 2752 588
187 2694 239 2753 per
253 2677 371 2752 cognita
384 2679 430 2734 nel
436 2678 603 2753 percognita
613 2696 711 2746 omnes,
721 2677 910 2753 praecognita
925 2676 1058 2754 Scaliger
1068 2679 1118 2736 ad·

62 2777 190 2834 sentiente
199 2776 278 2833 tacite
286 2774 411 2832 Bentleio
452 2794 505 2851 per
517 2776 633 2851 cognita
647 2793 743 2834 rerunr
754 2774 907 2845 Staienos,
918 2796 996 2851 quenz
1011 2785 1119 2835 secutus

63 2880 104 2931 est
115 2873 243 2932 Iacobus.
288 2875 345 2947 589
364 2873 523 2932 turbabitur
538 2874 554 2932 b
568 2894 641 2932 unus
657 2894 696 2933 ex
709 2876 813 2932 nostris
833 2875 985 2933 turbantur
1004 2874 1119 2934 Verrio

63 2973 225 3029 tribuantur
247 2970 333 3030 Voss.¹
652 3036 654 3041 ,

104 3068 219 3127 Rursus
237 3079 265 3128 te
284 3088 321 3127 ne
338 3068 430 3145 fugiat
448 3069 527 3146 quod
547 3071 653 3129 unusb
673 3090 709 3129 ex
727 3071 832 3130 nostris
852 3069 940 3130 habet
959 3071 1119 3152 turbabitur

64 3169 228 3228 secundum
247 3166 372 3238 Gembl.,
398 3168 487 3227 ceteri
514 3178 572 3227 tres
596 3168 757 3240 turbantur,
787 3169 959 3227 tribuentur.
1000 3169 1070 3228 Hoc
1094 3169 1119 3228 si

64 3275 143 3326 recte
161 3275 191 3324 et
205 3284 242 3324 ex
255 3265 414 3343 archetypo
431 3266 563 3337 seruauit,
587 3275 662 3324 recte
676 3276 790 3343 poterat
807 3268 931 3340 indictos,
946 3278 1023 3327 recte
1038 3268 1120 3326 dabz's

65 3381 190 3423 seruare.

106 3463 143 3521 In
177 3461 274 3539 priore
309 3479 396 3521 uersu
424 3461 508 3521 ualde
536 3461 642 3520 arridet
672 3459 810 3540 Scaligeri
842 3465 1007 3524 emendatio
1030 3476 1118 3541 prae-

97 3616 107 3647 ¹
124 3619 132 3646 ⁴
138 3617 199 3666 Due
210 3617 359 3667 uocabulum
369 3622 395 3667 ut
405 3618 437 3666 ab
446 3617 547 3681 optimis
559 3617 646 3682 poetis,
655 3618 690 3666 ita
698 3634 714 3666 a
722 3618 828 3668 Manilio
836 3635 934 3684 quoque
942 3634 986 3668 usu
995 3619 1118 3668 constanti

66 3683 182 3747 pyrrichii
200 3699 303 3732 numero
321 3686 428 3746 positum
446 3691 490 3742 est,
503 3685 584 3748 quode
601 3683 713 3732 conseras
730 3683 804 3733 huius
821 3685 879 3733 libri
895 3685 966 3746 (III.)
978 3700 1001 3732 v.
1014 3685 1062 3745 384
1073 3685 1119 3732 Per

68 3749 118 3798 duo
138 3749 257 3812 partitae:
282 3763 328 3812 593
353 3749 379 3797 Si
404 3748 453 3798 duo
474 3749 601 3798 decedant.
641 3749 785 3798 Ceterorum
805 3750 924 3799 librorum
946 3749 1023 3804 locos,
1042 3751 1119 3814 siquis

67 3814 188 3878 inspicere
200 3814 268 3870 velit,
281 3814 439 3878 adscripsisse
451 3814 570 3864 sufficiat:
588 3813 609 3862 Ι.
623 3828 663 3874 21,
676 3815 711 3863 II.
725 3829 781 3878 192,
795 3825 848 3880 279,
862 3828 917 3877 313,
932 3828 989 3879 393,
1001 3813 1120 3877 1V.t›50.'

67 3879 200 3930 Bechertus
211 3880 242 3929 de
254 3881 289 3929 M.
303 3879 403 3929 Manilii
414 3881 559 3930 emendandi
571 3880 673 3942 ratione,
687 3897 710 3945 p.
724 3891 762 3944 57.
