2760 4448
254 283 296 348 30
564 274 713 325 NOCTES
733 273 983 324 MANILIANAE

255 455 416 530 significare
439 457 549 528 ‘neque
569 469 606 511 eo
626 459 725 511 tamen
746 452 843 510 minus
867 461 911 511 est
935 452 1102 530 quaerenda
1126 451 1198 512 fides
1223 451 1304 512 unde

256 547 442 613 confirmetur
465 549 538 608 haec
566 546 680 626 opinio'
703 568 743 608 sc.
766 560 880 610 terrena
905 551 971 610 duci
992 551 1184 610 caelestibus:
1212 569 1305 628 quam

255 644 344 710 fidem
358 649 498 710 continuo
517 648 666 724 subiungit
680 666 716 707 ex
738 648 847 725 reliquo
868 667 956 708 cursu
974 659 1103 722 naturae,
1118 651 1159 708 sic
1172 656 1309 725 temperat

255 769 330 809 arua
361 747 475 808 Caelum
503 754 559 807 etc.
602 746 751 823 Plerisque
778 757 877 806 tamen
905 748 999 825 magis
1025 748 1151 826 placebit
1179 746 1305 807 Bentleii

254 848 421 907 emendatio
431 845 493 905 Nec
506 834 590 903 nz‘rm's
603 851 644 904 est
655 846 813 922 quaerenda
818 847 911 923 fides:
933 847 960 904 h.
972 865 997 906 e.
1013 855 1117 923 sponte
1133 865 1164 906 se
1178 846 1306 906 offerent

254 955 425 1023 argumenta
446 944 551 1021 quibus
571 943 629 1002 hoc
650 944 796 1020 probetur.
837 944 921 1004 Idem
941 956 1009 1022 post
1029 945 1101 1004 dixit
1119 964 1175 1020 129
1197 943 1257 1004 Sed
1271 965 1305 1002 ne

254 1046 375 1103 cz'rcuriu
390 1045 471 1119 longo
485 1043 634 1120 manfista
641 1042 803 1118 probentur.

295 1143 335 1202 II.
351 1161 389 1218 93
404 1159 468 1217 sqq.
489 1141 530 1199 sic
544 1141 648 1200 tradita
663 1149 730 1199 sunt
743 1142 773 1198 in
787 1140 904 1200 Gembl.

377 1239 408 1298 Si
429 1240 580 1298 submersa
600 1239 679 1298 fretis
699 1239 878 1298 concharum
899 1249 929 1298 et
949 1257 1063 1300 carcere
1084 1239 1212 1299 clausa*

374 1338 424 1396 Ad
443 1338 530 1396 lunae
550 1346 663 1397 motum
683 1338 797 1396 uariant
817 1338 953 1397 animalia
974 1357 1081 1415 corpus

316 1451 354 1513 95
376 1437 503 1496 Etcum
524 1435 632 1495 damna
653 1445 717 1494 tuas
737 1436 886 1495 imitantur
907 1435 992 1496 Delia
1013 1438 1090 1496 uires

376 1534 426 1593 Tu
447 1552 565 1612 quoque
587 1533 717 1593 fraternis
738 1535 781 1594 sie
802 1534 899 1594 reddis
920 1535 1052 1594 curribus
1073 1553 1126 1594 ora

375 1634 473 1711 Atque
494 1633 597 1691 iterum
618 1650 655 1690 ex
668 1632 783 1691 hisdem
803 1633 918 1709 repetis,
940 1643 1140 1711 quantumque
1162 1631 1302 1711 relinquis

375 1733 436 1790 Aut
457 1731 537 1791 dedit
557 1730 605 1789 ille
625 1730 710 1790 refert
731 1740 760 1789 et
780 1731 860 1790 sidus
882 1731 974 1792 sidere
996 1742 1122 1792 constas.

295 1845 334 1907 95
356 1829 446 1902 Quod
465 1847 533 1889 eum
554 1829 689 1889 Vossiam‘.
725 1844 762 1905 97
786 1830 899 1908 reliquit
913 1831 930 1888 b
945 1830 1080 1906 relinquit
1093 1849 1116 1888 0.
1154 1834 1192 1905 98
1211 1828 1303 1889 refers

254 1930 311 1988 bet
322 1928 451 2004 Scaliger
465 1937 582 1987 constas
594 1929 675 1986 ettam
689 1929 705 1987 b
720 1939 858 1988 constans
874 1928 1005 1988 Vossiam‘
1015 1948 1077 1987 cum
1091 1948 1107 1987 o
1120 1935 1146 1986 et
1151 1929 1305 2004 plenique.

296 2027 354 2087 Pro
374 2025 419 2084 Et
437 2046 497 2084 cum
516 2026 662 2086 Bentleius
679 2027 758 2086 dedit
775 2026 820 2085 Et
838 2034 908 2086 tua:
928 2028 1048 2104 propius
1070 2028 1108 2086 ad
1130 2027 1241 2087 litteras
1260 2038 1305 2086 est

258 2126 357 2184 Tecum
372 2127 482 2195 damna,
503 2133 568 2184 tuas
588 2126 744 2196 zinziontur,
758 2124 852 2199 Delia,
869 2127 951 2184 αἴνεε.
993 2125 1060 2184 Pari
1080 2126 1171 2185 modo
1191 2125 1222 2182 in
1243 2129 1303 2201 378

254 2243 309 2301 pro
323 2223 373 2296 Et,
388 2222 468 2282 unde
486 2241 587 2283 uersus
608 2223 729 2287 initium
740 2223 827 2295 ducit,
842 2224 935 2285 codex
954 2224 1019 2284 coll.
1035 2223 1176 2301 Corporis
1196 2224 1304 2284 Christi

256 2320 296 2404 (o)
311 2323 397 2381 habet
414 2321 476 2380 Ete.
518 2321 631 2380 Eadem
645 2331 689 2381 est
703 2321 895 2382 conformatio
909 2340 1012 2383 uersus
1026 2323 1050 2381 Ι.
1066 2325 1125 2381 626
1144 2321 1182 2381 Te
1197 2322 1306 2402 Capri-

255 2441 336 2480 corne
351 2423 458 2496 tutique
470 2420 608 2496 Aqur'lam
623 2421 752 2496 designat
762 2421 798 2479 ab
812 2423 908 2479 aslrt's.

297 2538 325 2578 u.
348 2522 385 2596 96
402 2518 550 2578 Bentleius
565 2518 606 2577 sic
620 2519 784 2595 corrigebat

460 2616 510 2675 Tu
532 2634 651 2693 quoque
671 2615 803 2676 fraternis
824 2617 848 2675 si
868 2618 965 2694 perdis
985 2619 1016 2677 in
1038 2620 1136 2678 oribus
1157 2637 1221 2692 ora,

257 2717 311 2778 sed
333 2734 429 2792 neque
450 2714 508 2774 hoc
530 2733 584 2774 nec
605 2716 685 2792 quod
705 2714 849 2775 Bullialdo
869 2716 1017 2792 placuerat

460 2812 509 2871 Tu
531 2831 647 2890 quoque
668 2813 800 2873 fraternis
819 2813 917 2873 reddis
938 2815 979 2874 sic
1000 2816 1099 2874 oribus
1120 2834 1182 2887 ora,

257 2913 328 2974 mihi
342 2911 461 2990 quidem
475 2910 660 2970 satisfaciunt.
701 2912 729 2969 A
743 2911 900 2970 litterarum
915 2913 1003 2972 ductu
1017 2914 1138 2990 propius
1152 2916 1235 2976 abest

460 3009 509 3067 Tu
531 3027 647 3087 quoque
667 3010 800 3069 fraternis
821 3010 845 3070 si
865 3010 959 3071 credis
980 3013 1110 3070 curribus
1131 3031 1183 3072 ora

257 3120 289 3170 ut
302 3108 390 3167 Luna
403 3107 522 3179 dicatur,
538 3127 606 3167 cum
621 3119 733 3185 partem
751 3109 795 3167 sui
816 3109 933 3168 luminis
950 3110 1053 3181 amisit,
1077 3109 1154 3169 Solis
1175 3112 1307 3170 curribus

257 3206 470 3277 commodasse,
493 3225 581 3283 quam
603 3225 709 3279 rursus,
730 3224 798 3266 cum
819 3207 909 3283 pleno
929 3209 1001 3266 orbe
1022 3207 1120 3285 fulget,
1142 3227 1179 3268 ex
1200 3209 1306 3269 eodem

257 3306 320 3365 sole
341 3308 460 3381 reperta·
488 3313 603 3363 tantum
624 3307 662 3364 ab
687 3323 724 3364 eo
749 3305 876 3364 referens
897 3306 1013 3365 luminis
1035 3317 1177 3383 quantum
1198 3308 1264 3386 ipsa
1280 3311 1307 3369 ei

256 3405 418 3481 reliquerat.
460 3403 564 3480 Itaque
577 3403 722 3480 relthur's,
733 3404 813 3481 quod
827 3404 972 3463 ueterrimi
986 3406 1102 3464 codices
1116 3405 1235 3480 habent,
1244 3425 1307 3468 non

256 3504 309 3562 erit
323 3503 353 3559 in
367 3503 502 3578 relinquit
513 3502 694 3561 mutandum.

298 3601 347 3659 An
362 3610 530 3677 corruptum
541 3610 585 3659 est
595 3599 726 3659 curribus
736 3619 772 3658 ex
783 3603 967 3661 occursibusr>
987 3601 1054 3661 Sen.
1064 3602 1102 3661 ad
1113 3602 1258 3663 Marciam
1270 3604 1308 3664 de

290 3763 305 3795 *
321 3765 420 3815 Pallad.
431 3765 484 3815 xiii.
496 3763 511 3812 6
524 3764 599 3813 Nunc
609 3763 684 3814 etiam
696 3765 784 3830 quibus
795 3766 854 3815 litus
869 3767 895 3816 in
912 3766 991 3816 fructu
1003 3773 1047 3826 est,
1061 3767 1103 3816 ubi
1120 3766 1193 3816 lunae
1209 3767 1308 3820 iuuabit

257 3839 427 3894 augmentum,
444 3847 508 3895 quae
527 3831 639 3878 omnium
656 3830 795 3880 clausorum
812 3832 887 3882 maris
903 3833 1048 3883 animalium
1064 3839 1139 3898 atque
1156 3834 1307 3884 concharum

257 3896 327 3945 iubet
338 3897 490 3947 incremento
501 3911 547 3945 suo
559 3896 669 3946 membra
680 3904 781 3960 turgere.
