2760 4448
161 271 203 337 28
470 284 619 335 moeres
639 285 891 335 arsuramque

161 476 239 518 uana
261 457 348 518 Voss.²
390 478 429 532 40
450 471 563 520 creatus
577 463 713 538 plerique.
757 482 794 535 42
820 480 997 538 causamque
1026 462 1161 522 Vosseam'
1185 463 1216 522 in

161 575 233 617 arua
247 556 378 634 Scaliger
390 559 466 633 quad
476 566 636 635 receperunt
644 562 769 636 plerique
803 561 833 619 in
848 572 929 620 antra
943 561 1036 620 Bentl.

204 654 353 715 Bentleius
367 656 543 716 emendabat
557 659 630 715 ritus
637 665 794 733 pasterum,
812 660 895 736 quasi
910 661 984 718 ritus
992 670 1124 736 pecorum
1135 658 1217 718 aliud

163 753 393 830 significaturum
407 754 498 825 fuerit,
509 773 614 831 nempe
624 756 714 814 uitam
728 767 757 815 et
767 758 876 815 uictum
891 758 1047 833 pecudum,
1057 758 1217 834 citauitque

165 852 268 912 Claud.
283 852 319 910 de
333 852 360 909 vi
376 851 465 911 Cons.
484 852 609 911 Honorii
633 869 689 928 153
711 874 749 912 au
770 856 837 912 iura
852 865 972 931 peresus
985 855 1039 913 Ad
1043 857 1159 931 presens
1166 865 1217 931 pe·

164 952 263 1009 eudum
287 951 435 1008 damnaret
457 952 568 1009 saecula
590 952 692 1010 ritus?
721 952 760 1011 At
783 954 807 1011 si
828 953 938 1011 Plinius
960 952 1006 1012 H.·
1017 952 1055 1010 N.
1070 953 1109 1010 xi.
1126 973 1163 1028 23
1181 952 1217 1011 de

164 1050 270 1125 apibus
284 1048 408 1125 loquens
429 1048 502 1107 dixit
521 1068 583 1107 cum
604 1050 657 1108 duo
671 1052 807 1109 examina
824 1051 1005 1110 concordibus
1018 1052 1135 1127 papulis
1158 1052 1217 1108 dei-

164 1148 268 1205 similes
290 1147 408 1204 labuere
428 1149 510 1218 ritus,
533 1148 628 1224 potuit
649 1147 796 1221 Manilius
813 1149 894 1208 cuius
915 1151 945 1208 in
967 1167 1104 1208 sermone
1122 1148 1218 1207 multo

166 1245 261 1303 minor
275 1263 343 1303 cura
357 1244 408 1303 suit
422 1245 508 1305 latine
523 1245 671 1323 loquendi,
683 1246 762 1305 idem
772 1247 951 1306 uocabulum
961 1247 997 1306 de
1007 1247 1219 1306 consuetudine

108 1412 111 1417 ¹
165 1355 194 1403 et
207 1344 336 1402 moribus
350 1361 489 1420 pecorum
503 1363 622 1420 ponere.

207 1441 317 1500 Vltima
331 1442 378 1499 illa
388 1452 493 1517 perque
511 1443 630 1501 horrida
650 1450 741 1502 matus
761 1441 851 1502 Rura
871 1445 941 1501 serit
958 1443 1048 1501 duleis
1069 1441 1111 1500 sic
1132 1442 1220 1501 inter·

165 1548 326 1617 pretantur,
343 1541 450 1599 ‘nectit
469 1541 593 1600 choreas
610 1543 749 1601 amabiles
767 1560 820 1618 per
836 1539 920 1612 rura,’
936 1541 1016 1625 quod
1035 1559 1096 1599 non
1117 1541 1220 1599 iniuria

166 1638 324 1698 Theocrito
339 1638 502 1714 adfingitur.
544 1639 644 1697 Metus
662 1641 702 1699 sic
723 1650 898 1718 usurparunt
911 1639 1057 1715 Vergilius
1072 1637 1109 1698 G.
1125 1639 1143 1697 i.
1161 1655 1220 1713 350

167 1736 325 1794 Dalmatas
340 1738 537 1812 recompositas,
552 1738 694 1796 Horatius
709 1739 743 1798 C.
758 1739 785 1797 ii.
799 1753 825 1813 7.
836 1757 883 1809 21,
898 1737 1000 1796 Liuius
1014 1737 1059 1795 vii.
1076 1756 1091 1794 2
1106 1754 1113 1795 2
1135 1738 1221 1796 etsie

168 1836 275 1893 moueri
287 1834 360 1893 Hor.
369 1835 406 1893 A.
418 1834 450 1892 P.
464 1855 479 1893 2
484 1855 520 1910 32
541 1836 664 1915 Vtsestis
678 1845 807 1896 matraua
822 1839 930 1916 moueri
940 1839 1018 1895 tussa
1032 1836 1135 1907 de‘ebus,
1144 1835 1222 1912 Epp.

167 1934 196 1990 ii.
221 1952 246 1991 2.
265 1946 321 2006 125
343 1953 417 1991 uuuc
436 1932 573 2009 Satyrum
596 1955 671 1992 nune
691 1943 826 2012 agrestem
850 1934 971 2012 Cyclopa
987 1939 1120 1994 mouetur.
1164 1932 1222 1992 Sed

168 2041 305 2108 quaeest
330 2032 489 2108 deprauata
511 2033 648 2092 codicum
670 2033 900 2093 Manilianorum
924 2032 1068 2104 condicio,
1090 2031 1223 2110 suspicor

168 2130 257 2189 latere
271 2129 350 2189 aliud
364 2130 504 2207 quiddam

537 2249 647 2308 perque
668 2230 786 2290 horrida
806 2231 882 2290 lotos

295 2325 375 2385 Rura
395 2325 459 2386 ferit
480 2328 580 2388 dulcis.

170 2425 250 2484 Paul.
265 2424 348 2484 Diac.
363 2445 391 2502 p.
411 2444 466 2500 119
483 2425 526 2484 M.
541 2428 626 2485 Latos
640 2427 753 2485 arbores
767 2446 864 2502 genus,
879 2443 917 2484 ex
932 2427 1013 2483 curus
1030 2426 1150 2482 materia
1152 2424 1224 2502 sre-

170 2530 282 2599 quenter
302 2525 384 2582 tebrae
396 2524 514 2601 fiebant.
555 2525 661 2584 Athen.
675 2526 712 2583 iv.
730 2527 796 2583 182.
811 2525 838 2583 d.
859 2528 884 2580 ot
900 2527 928 2580 δὲ
950 2525 1101 2596 καλούμενοι
1121 2525 1225 2580 haverol

171 2622 246 2678 οὖλοι
259 2623 330 2677 οὗτοί
344 2624 411 2678 εἰσιν
424 2627 448 2678 ol
463 2625 513 2679 ὑπὸ
526 2623 717 2698 Ἀλεξανδρέων
730 2624 880 2694 καλούμενοι
893 2626 1032 2697 φώτιγγες.
1068 2625 1225 2678 κοτασκευά·

172 2725 255 2790 <omae
269 2723 292 2776 δ’
307 2721 334 2775 ἐκ
348 2724 394 2789 qoir
409 2723 565 2791 καλουμένου
584 2726 677 2792 λωτοῦ,
693 2722 773 2794 ξύλον
786 2722 808 2777 δ’
823 2722 881 2778 ἐστὶ
900 2726 977 2777 τοῦτο
991 2724 1127 2795 γενόμενον
1139 2722 1168 2776 ἐν
1181 2731 1225 2776 Λι-

172 2819 232 2888 βύῃ.
270 2816 357 2877 Ouid.
368 2817 399 2877 F.
413 2818 449 2875 iv.
463 2837 520 2893 190
534 2822 601 2877 latas
615 2820 735 2891 adunca,
749 2818 797 2876 Sil.
806 2819 860 2877 viii.
872 2833 930 2892 505
941 2817 1131 2895 Mygdoniam
1143 2819 1224 2888 laton,

172 2917 211 2975 xi.
230 2934 287 2990 432
311 2916 346 2974 Vt
363 2918 462 2992 strepit
480 2919 591 2976 assidue
610 2917 774 2993 Phrygiam
791 2917 832 2975 ad
844 2916 971 2977 Itsrlatica
985 2919 1057 2975 laton
1071 2914 1225 2992 Memphis.

173 3013 254 3073 Bene
279 3025 378 3073 autem
406 3014 581 3073 Theocritus
609 3016 677 3072 letas
705 3026 855 3092 percutere
883 3015 994 3086 dicitur,
1022 3023 1122 3091 utpote
1151 3015 1227 3072 inter

174 3112 387 3171 Alexandrinos
398 3122 500 3189 poetas
509 3122 684 3171 numeratus.
707 3112 811 3171 Dulcis
822 3124 920 3171 autem
933 3119 1022 3171 matus
1033 3113 1094 3171 siue
1106 3111 1227 3172 choreas

175 3211 320 3270 dicentem
335 3229 372 3268 ne
387 3211 542 3271 Manilium
557 3211 675 3289 quidem
689 3211 764 3270 fem.

216 3310 255 3368 ΙΙ·
272 3327 319 3382 44.
336 3323 374 3383 45

298 3408 351 3467 llle
373 3418 534 3467 uenenatos
555 3408 669 3484 anguis,
691 3407 738 3467 hic
760 3417 830 3466 nata
850 3425 903 3484 per
923 3406 1028 3466 herbas

298 3506 370 3564 Fata
390 3505 483 3577 refert,
505 3507 653 3583 uitamque
670 3523 722 3564 sua
743 3506 841 3565 radice
861 3504 990 3564 ferentis.

218 3605 277 3664 Suis
295 3603 399 3664 Gembl.
414 3622 497 3663 suam
519 3605 650 3663 Vossr'aui
661 3622 714 3662 sua
726 3602 854 3680 Regiam.
887 3603 991 3662 Fuitne
1006 3623 1060 3662 saa
1071 3606 1127 3662 rit?

217 3704 255 3764 11.
273 3717 372 3779 53-59

299 3802 416 3878 Integra
438 3819 610 3878 quaeramus
632 3801 755 3860 rorantis
776 3811 859 3877 prata
880 3819 932 3876 per
952 3800 1058 3860 herbas

299 3899 475 3978 Vndamque
496 3900 617 3960 occultis
638 3899 826 3961 meditantem
847 3917 978 3959 murmur
999 3900 1029 3957 in
1051 3898 1148 3971 antris
