<?xml version="1.0" encoding="UTF-8"?>
<!DOCTYPE html PUBLIC "-//W3C//DTD XHTML 1.0 Transitional//EN"
    "http://www.w3.org/TR/xhtml1/DTD/xhtml1-transitional.dtd">
<html xmlns="http://www.w3.org/1999/xhtml" xml:lang="en" lang="en">
 <head>
  <title>
</title>
<meta http-equiv="Content-Type" content="text/html;charset=utf-8" />
  <meta name='ocr-system' content='tesseract 3.04.00' />
  <meta name='ocr-capabilities' content='ocr_page ocr_carea ocr_par ocr_line ocrx_word'/>
</head>
<body>
  <div class='ocr_page' id='page_1' title='image "./noctesmaniliana00elligoog/noctesmaniliana00elligoog_0211.png"; bbox 0 0 2760 4448; ppageno 0'>
   <div class='ocr_carea' id='block_1_1' title="bbox 162 275 887 350">
    <p class='ocr_par' dir='ltr' id='par_1_1' title="bbox 162 275 887 350">
     <span class='ocr_line' id='line_1_1' title="bbox 162 275 887 350; baseline -0.007 -21"><span class='ocrx_word' id='word_1_1' title='bbox 162 281 225 350; x_wconf 82' lang='lat'><strong>192</strong></span> <span class='ocrx_word' id='word_1_2' title='bbox 472 277 619 328; x_wconf 87' lang='lat' dir='ltr'><em>NOCTES</em></span> <span class='ocrx_word' id='word_1_3' title='bbox 639 275 887 329; x_wconf 82' lang='lat' dir='ltr'><em>MANILIANAE</em></span> 
     </span>
    </p>
   </div>
   <div class='ocr_carea' id='block_1_2' title="bbox 203 434 1211 809">
    <p class='ocr_par' dir='ltr' id='par_1_2' title="bbox 203 434 1211 809">
     <span class='ocr_line' id='line_1_2' title="bbox 203 434 743 512; baseline 0.004 -19"><span class='ocrx_word' id='word_1_4' title='bbox 203 436 241 494; x_wconf 90' lang='lat' dir='ltr'><strong>V.</strong></span> <span class='ocrx_word' id='word_1_5' title='bbox 256 437 397 512; x_wconf 79' lang='lat'>437-438</span> <span class='ocrx_word' id='word_1_6' title='bbox 413 435 454 496; x_wconf 87' lang='lat' dir='ltr'><strong>sie</strong></span> <span class='ocrx_word' id='word_1_7' title='bbox 469 445 568 496; x_wconf 85' lang='lat' dir='ltr'>extant</span> <span class='ocrx_word' id='word_1_8' title='bbox 581 437 612 494; x_wconf 92' lang='lat' dir='ltr'><strong>in</strong></span> <span class='ocrx_word' id='word_1_9' title='bbox 627 434 743 495; x_wconf 88' lang='lat' dir='ltr'><strong>Gembl.</strong></span> 
     </span>
     <span class='ocr_line' id='line_1_3' title="bbox 285 534 1029 610; baseline 0 -18"><span class='ocrx_word' id='word_1_10' title='bbox 285 534 357 593; x_wconf 87' lang='lat' dir='ltr'><strong>Pars</strong></span> <span class='ocrx_word' id='word_1_11' title='bbox 377 552 413 593; x_wconf 84' lang='lat' dir='ltr'><strong>ex</strong></span> <span class='ocrx_word' id='word_1_12' title='bbox 434 534 549 593; x_wconf 92' lang='lat' dir='ltr'><strong>diuerso</strong></span> <span class='ocrx_word' id='word_1_13' title='bbox 570 534 667 594; x_wconf 87' lang='lat' dir='ltr'>studet</span> <span class='ocrx_word' id='word_1_14' title='bbox 686 545 716 594; x_wconf 95' lang='lat' dir='ltr'><strong>et</strong></span> <span class='ocrx_word' id='word_1_15' title='bbox 736 534 863 594; x_wconf 87' lang='lat' dir='ltr'><strong>sociatur</strong></span> <span class='ocrx_word' id='word_1_16' title='bbox 875 543 1029 610; x_wconf 88' lang='lat' dir='ltr'><strong>utrunque</strong></span> 
     </span>
     <span class='ocr_line' id='line_1_4' title="bbox 269 633 1016 710; baseline -0.003 -18"><span class='ocrx_word' id='word_1_17' title='bbox 269 633 413 710; x_wconf 17' lang='lat' dir='ltr'><strong>*ingenus</strong></span> <span class='ocrx_word' id='word_1_18' title='bbox 434 643 521 710; x_wconf 88' lang='lat' dir='ltr'><strong>atque</strong></span> <span class='ocrx_word' id='word_1_19' title='bbox 543 652 603 692; x_wconf 92' lang='lat' dir='ltr'><strong>uno</strong></span> <span class='ocrx_word' id='word_1_20' title='bbox 620 633 764 710; x_wconf 84' lang='lat' dir='ltr'><strong>digestum</strong></span> <span class='ocrx_word' id='word_1_21' title='bbox 785 633 896 692; x_wconf 90' lang='lat' dir='ltr'><strong>semine</strong></span> <span class='ocrx_word' id='word_1_22' title='bbox 917 634 1016 708; x_wconf 85' lang='lat' dir='ltr'><strong>surgit.</strong></span> 
     </span>
     <span class='ocr_line' id='line_1_5' title="bbox 205 728 1211 809; baseline -0.005 -18"><span class='ocrx_word' id='word_1_23' title='bbox 205 746 262 809; x_wconf 81' lang='lat'><strong>437</strong></span> <span class='ocrx_word' id='word_1_24' title='bbox 282 732 376 791; x_wconf 85' lang='lat' dir='ltr'><strong>studet</strong></span> <span class='ocrx_word' id='word_1_25' title='bbox 395 742 423 791; x_wconf 92' lang='lat' dir='ltr'><strong>et</strong></span> <span class='ocrx_word' id='word_1_26' title='bbox 439 729 507 790; x_wconf 82' lang='lat' dir='ltr'><strong>Cur.</strong></span> <span class='ocrx_word' id='word_1_27' title='bbox 530 729 614 790; x_wconf 79' lang='lat' dir='ltr'><strong>Voss.l</strong></span> <span class='ocrx_word' id='word_1_28' title='bbox 634 733 674 791; x_wconf 84' lang='lat' dir='ltr'><strong>bo</strong></span> <span class='ocrx_word' id='word_1_29' title='bbox 692 732 821 790; x_wconf 92' lang='lat' dir='ltr'><strong>studium</strong></span> <span class='ocrx_word' id='word_1_30' title='bbox 838 751 889 789; x_wconf 88' lang='lat' dir='ltr'><strong>om.</strong></span> <span class='ocrx_word' id='word_1_31' title='bbox 904 740 933 789; x_wconf 92' lang='lat' dir='ltr'><strong>et</strong></span> <span class='ocrx_word' id='word_1_32' title='bbox 954 728 1040 789; x_wconf 71' lang='lat' dir='ltr'><strong>Voss.²</strong></span> <span class='ocrx_word' id='word_1_33' title='bbox 1084 733 1142 804; x_wconf 82' lang='lat'><strong>438</strong></span> <span class='ocrx_word' id='word_1_34' title='bbox 1161 728 1211 787; x_wconf 92' lang='lat' dir='ltr'><strong>In·</strong></span> 
     </span>
    </p>
   </div>
   <div class='ocr_carea' id='block_1_3' title="bbox 162 827 1215 1698">
    <p class='ocr_par' dir='ltr' id='par_1_3' title="bbox 162 827 1215 1698">
     <span class='ocr_line' id='line_1_6' title="bbox 162 827 1215 909; baseline -0.005 -19"><span class='ocrx_word' id='word_1_35' title='bbox 162 850 255 909; x_wconf 82' lang='lat' dir='ltr'><strong>genus</strong></span> <span class='ocrx_word' id='word_1_36' title='bbox 278 830 345 890; x_wconf 86' lang='lat' dir='ltr'><strong>Cus.</strong></span> <span class='ocrx_word' id='word_1_37' title='bbox 370 830 533 888; x_wconf 83' lang='lat' dir='ltr'><strong>Vusse&#39;aue&#39;b</strong></span> <span class='ocrx_word' id='word_1_38' title='bbox 555 830 673 906; x_wconf 85' lang='lat' dir='ltr'><strong>Ingenis</strong></span> <span class='ocrx_word' id='word_1_39' title='bbox 693 850 709 889; x_wconf 88' lang='lat' dir='ltr'><strong>o</strong></span> <span class='ocrx_word' id='word_1_40' title='bbox 729 831 789 888; x_wconf 91' lang='lat' dir='ltr'><strong>imo</strong></span> <span class='ocrx_word' id='word_1_41' title='bbox 817 830 903 890; x_wconf 85' lang='lat' dir='ltr'><strong>Voss.1</strong></span> <span class='ocrx_word' id='word_1_42' title='bbox 924 848 1000 906; x_wconf 86' lang='lat' dir='ltr'><strong>aque</strong></span> <span class='ocrx_word' id='word_1_43' title='bbox 1022 827 1168 886; x_wconf 82' lang='lat' dir='ltr'><strong>Bentlerus</strong></span> <span class='ocrx_word' id='word_1_44' title='bbox 1188 833 1215 885; x_wconf 83' lang='lat' dir='ltr'><strong>et</strong></span> 
     </span>
     <span class='ocr_line' id='line_1_7' title="bbox 162 926 825 1004; baseline -0.003 -16"><span class='ocrx_word' id='word_1_45' title='bbox 162 930 359 988; x_wconf 74' lang='lat' dir='ltr'><strong>Marklandut</strong></span> <span class='ocrx_word' id='word_1_46' title='bbox 372 930 413 985; x_wconf 86' lang='lat' dir='ltr'><strong>ad</strong></span> <span class='ocrx_word' id='word_1_47' title='bbox 424 926 497 986; x_wconf 78' lang='lat' dir='ltr'><strong>Stat.</strong></span> <span class='ocrx_word' id='word_1_48' title='bbox 512 927 545 987; x_wconf 90' lang='lat' dir='ltr'><strong>S.</strong></span> <span class='ocrx_word' id='word_1_49' title='bbox 553 937 586 1004; x_wconf 80' lang='lat' dir='ltr'><strong>p.</strong></span> <span class='ocrx_word' id='word_1_50' title='bbox 600 932 657 988; x_wconf 86' lang='lat'><strong>216</strong></span> <span class='ocrx_word' id='word_1_51' title='bbox 671 930 713 988; x_wconf 86' lang='lat' dir='ltr'><strong>ed.</strong></span> <span class='ocrx_word' id='word_1_52' title='bbox 728 928 825 1004; x_wconf 82' lang='lat' dir='ltr'><strong>Sz&#39;llz&#39;g.</strong></span> 
     </span>
     <span class='ocr_line' id='line_1_8' title="bbox 204 1028 538 1109; baseline -0.006 -19"><span class='ocrx_word' id='word_1_53' title='bbox 204 1031 322 1109; x_wconf 86' lang='lat' dir='ltr'><strong>Optime</strong></span> <span class='ocrx_word' id='word_1_54' title='bbox 337 1028 538 1101; x_wconf 87' lang='lat' dir='ltr'><strong>Marklandus,</strong></span> 
     </span>
     <span class='ocr_line' id='line_1_9' title="bbox 265 1127 1066 1203; baseline 0 -17"><span class='ocrx_word' id='word_1_55' title='bbox 265 1128 339 1187; x_wconf 85' lang='lat' dir='ltr'><strong>‘Par</strong></span> <span class='ocrx_word' id='word_1_56' title='bbox 360 1146 397 1186; x_wconf 83' lang='lat' dir='ltr'><strong>ex</strong></span> <span class='ocrx_word' id='word_1_57' title='bbox 417 1127 535 1188; x_wconf 91' lang='lat' dir='ltr'><strong>diuerso</strong></span> <span class='ocrx_word' id='word_1_58' title='bbox 556 1127 690 1200; x_wconf 87' lang='lat' dir='ltr'><strong>studium,</strong></span> <span class='ocrx_word' id='word_1_59' title='bbox 712 1138 742 1187; x_wconf 93' lang='lat' dir='ltr'><strong>et</strong></span> <span class='ocrx_word' id='word_1_60' title='bbox 763 1127 890 1187; x_wconf 89' lang='lat' dir='ltr'><strong>sociatur</strong></span> <span class='ocrx_word' id='word_1_61' title='bbox 910 1137 1066 1203; x_wconf 92' lang='lat' dir='ltr'><strong>utrumque</strong></span> 
     </span>
     <span class='ocr_line' id='line_1_10' title="bbox 284 1226 1031 1304; baseline -0.005 -18"><span class='ocrx_word' id='word_1_62' title='bbox 284 1227 321 1286; x_wconf 90' lang='lat' dir='ltr'><strong>In</strong></span> <span class='ocrx_word' id='word_1_63' title='bbox 341 1244 442 1303; x_wconf 85' lang='lat' dir='ltr'><strong>genus,</strong></span> <span class='ocrx_word' id='word_1_64' title='bbox 464 1245 540 1304; x_wconf 88' lang='lat' dir='ltr'><strong>aque</strong></span> <span class='ocrx_word' id='word_1_65' title='bbox 560 1245 621 1287; x_wconf 90' lang='lat' dir='ltr'><strong>uno</strong></span> <span class='ocrx_word' id='word_1_66' title='bbox 641 1226 786 1303; x_wconf 88' lang='lat' dir='ltr'><strong>digestum</strong></span> <span class='ocrx_word' id='word_1_67' title='bbox 807 1226 918 1285; x_wconf 90' lang='lat' dir='ltr'><strong>semine</strong></span> <span class='ocrx_word' id='word_1_68' title='bbox 938 1226 1031 1302; x_wconf 86' lang='lat' dir='ltr'><strong>surgit</strong></span> 
     </span>
     <span class='ocr_line' id='line_1_11' title="bbox 162 1323 474 1404; baseline -0.003 -18"><span class='ocrx_word' id='word_1_69' title='bbox 162 1331 201 1392; x_wconf 86' lang='lat' dir='ltr'><strong>ita</strong></span> <span class='ocrx_word' id='word_1_70' title='bbox 215 1326 371 1404; x_wconf 85' lang='lat' dir='ltr'><strong>legendum</strong></span> <span class='ocrx_word' id='word_1_71' title='bbox 384 1323 474 1402; x_wconf 67' lang='lat' dir='ltr'><strong>puto!</strong></span> 
     </span>
     <span class='ocr_line' id='line_1_12' title="bbox 203 1422 748 1498; baseline 0 -16"><span class='ocrx_word' id='word_1_72' title='bbox 203 1425 241 1484; x_wconf 89' lang='lat' dir='ltr'><strong>V.</strong></span> <span class='ocrx_word' id='word_1_73' title='bbox 257 1440 325 1498; x_wconf 85' lang='lat'>445,</span> <span class='ocrx_word' id='word_1_74' title='bbox 342 1427 401 1496; x_wconf 91' lang='grc'><strong>446</strong></span> <span class='ocrx_word' id='word_1_75' title='bbox 416 1425 458 1483; x_wconf 93' lang='lat' dir='ltr'><strong>sic</strong></span> <span class='ocrx_word' id='word_1_76' title='bbox 473 1433 572 1482; x_wconf 81' lang='lat' dir='ltr'><strong>extant</strong></span> <span class='ocrx_word' id='word_1_77' title='bbox 586 1423 616 1481; x_wconf 93' lang='lat' dir='ltr'><strong>in</strong></span> <span class='ocrx_word' id='word_1_78' title='bbox 630 1422 748 1483; x_wconf 90' lang='lat' dir='ltr'><strong>Gembl.</strong></span> 
     </span>
     <span class='ocr_line' id='line_1_13' title="bbox 284 1522 1065 1599; baseline -0.003 -19"><span class='ocrx_word' id='word_1_79' title='bbox 284 1522 522 1599; x_wconf 88' lang='lat' dir='ltr'><strong>Delphinumque</strong></span> <span class='ocrx_word' id='word_1_80' title='bbox 544 1540 614 1580; x_wconf 92' lang='lat' dir='ltr'><strong>suos</strong></span> <span class='ocrx_word' id='word_1_81' title='bbox 635 1541 687 1598; x_wconf 90' lang='lat' dir='ltr'><strong>per</strong></span> <span class='ocrx_word' id='word_1_82' title='bbox 708 1523 795 1581; x_wconf 87' lang='lat' dir='ltr'><strong>inane</strong></span> <span class='ocrx_word' id='word_1_83' title='bbox 816 1522 945 1581; x_wconf 87' lang='lat' dir='ltr'><strong>natantia</strong></span> <span class='ocrx_word' id='word_1_84' title='bbox 966 1531 1065 1579; x_wconf 90' lang='lat' dir='ltr'><strong>motus</strong></span> 
     </span>
     <span class='ocr_line' id='line_1_14' title="bbox 283 1620 1026 1698; baseline -0.004 -19"><span class='ocrx_word' id='word_1_85' title='bbox 283 1620 323 1680; x_wconf 89' lang='lat' dir='ltr'><strong>Et</strong></span> <span class='ocrx_word' id='word_1_86' title='bbox 344 1621 463 1679; x_wconf 86' lang='lat' dir='ltr'><strong>uiduata</strong></span> <span class='ocrx_word' id='word_1_87' title='bbox 483 1621 582 1679; x_wconf 88' lang='lat' dir='ltr'><strong>nolant</strong></span> <span class='ocrx_word' id='word_1_88' title='bbox 602 1621 706 1698; x_wconf 93' lang='lat' dir='ltr'><strong>pennis</strong></span> <span class='ocrx_word' id='word_1_89' title='bbox 726 1631 755 1681; x_wconf 92' lang='lat' dir='ltr'><strong>et</strong></span> <span class='ocrx_word' id='word_1_90' title='bbox 776 1621 806 1678; x_wconf 93' lang='lat' dir='ltr'><strong>in</strong></span> <span class='ocrx_word' id='word_1_91' title='bbox 826 1639 892 1680; x_wconf 88' lang='lat' dir='ltr'><strong>aere</strong></span> <span class='ocrx_word' id='word_1_92' title='bbox 914 1620 1026 1678; x_wconf 91' lang='lat' dir='ltr'><strong>ludunt.</strong></span> 
     </span>
    </p>
   </div>
   <div class='ocr_carea' id='block_1_4' title="bbox 163 1733 1210 2111">
    <p class='ocr_par' dir='ltr' id='par_1_4' title="bbox 163 1733 1210 2111">
     <span class='ocr_line' id='line_1_15' title="bbox 205 1733 1210 1812; baseline -0.004 -17"><span class='ocrx_word' id='word_1_93' title='bbox 205 1751 264 1812; x_wconf 87' lang='lat'><strong>445</strong></span> <span class='ocrx_word' id='word_1_94' title='bbox 284 1737 415 1796; x_wconf 89' lang='lat' dir='ltr'><strong>natantia</strong></span> <span class='ocrx_word' id='word_1_95' title='bbox 437 1734 521 1794; x_wconf 84' lang='lat' dir='ltr'><strong>Voss.¹</strong></span> <span class='ocrx_word' id='word_1_96' title='bbox 538 1736 605 1795; x_wconf 81' lang='lat' dir='ltr'><strong>Cur.</strong></span> <span class='ocrx_word' id='word_1_97' title='bbox 620 1737 662 1795; x_wconf 86' lang='lat' dir='ltr'><strong>bo</strong></span> <span class='ocrx_word' id='word_1_98' title='bbox 678 1747 797 1795; x_wconf 85' lang='lat' dir='ltr'><strong>natanta</strong></span> <span class='ocrx_word' id='word_1_99' title='bbox 818 1734 905 1795; x_wconf 71' lang='lat' dir='ltr'><strong>Voss.²</strong></span> <span class='ocrx_word' id='word_1_100' title='bbox 919 1735 1060 1794; x_wconf 83' lang='lat' dir='ltr'><strong>imitantia</strong></span> <span class='ocrx_word' id='word_1_101' title='bbox 1081 1733 1210 1811; x_wconf 84' lang='lat' dir='ltr'><strong>Scaliger</strong></span> 
     </span>
     <span class='ocr_line' id='line_1_16' title="bbox 163 1833 685 1912; baseline -0.002 -17"><span class='ocrx_word' id='word_1_102' title='bbox 163 1837 294 1897; x_wconf 87' lang='lat' dir='ltr'><strong>notantia</strong></span> <span class='ocrx_word' id='word_1_103' title='bbox 307 1855 364 1911; x_wconf 81' lang='lat' dir='ltr'><strong>ego.</strong></span> <span class='ocrx_word' id='word_1_104' title='bbox 407 1837 466 1907; x_wconf 90' lang='grc'><strong>446</strong></span> <span class='ocrx_word' id='word_1_105' title='bbox 481 1836 578 1912; x_wconf 88' lang='lat' dir='ltr'><strong>pinnis</strong></span> <span class='ocrx_word' id='word_1_106' title='bbox 600 1833 685 1894; x_wconf 68' lang='lat' dir='ltr'><strong>Vosr.²</strong></span> 
     </span>
     <span class='ocr_line' id='line_1_17' title="bbox 205 1934 446 2012; baseline -0.008 -19"><span class='ocrx_word' id='word_1_107' title='bbox 205 1934 329 2012; x_wconf 89' lang='lat' dir='ltr'><strong>Repone</strong></span> <span class='ocrx_word' id='word_1_108' title='bbox 439 1969 446 1980; x_wconf 88' lang='lat'>-</span> 
     </span>
     <span class='ocr_line' id='line_1_18' title="bbox 285 2032 1056 2111; baseline -0.003 -20"><span class='ocrx_word' id='word_1_109' title='bbox 285 2032 522 2111; x_wconf 90' lang='lat' dir='ltr'><strong>Delphinumque</strong></span> <span class='ocrx_word' id='word_1_110' title='bbox 543 2051 598 2092; x_wconf 93' lang='lat' dir='ltr'><strong>suo</strong></span> <span class='ocrx_word' id='word_1_111' title='bbox 618 2052 671 2110; x_wconf 90' lang='lat' dir='ltr'><strong>per</strong></span> <span class='ocrx_word' id='word_1_112' title='bbox 691 2034 777 2092; x_wconf 87' lang='lat' dir='ltr'><strong>inane</strong></span> <span class='ocrx_word' id='word_1_113' title='bbox 798 2032 930 2092; x_wconf 87' lang='lat' dir='ltr'><strong>notantia</strong></span> <span class='ocrx_word' id='word_1_114' title='bbox 950 2040 1056 2105; x_wconf 92' lang='lat' dir='ltr'><strong>motus,</strong></span> 
     </span>
    </p>
   </div>
   <div class='ocr_carea' id='block_1_5' title="bbox 161 2145 1211 2717">
    <p class='ocr_par' dir='ltr' id='par_1_5' title="bbox 161 2145 1211 2717">
     <span class='ocr_line' id='line_1_19' title="bbox 161 2145 1211 2225; baseline -0.006 -17"><span class='ocrx_word' id='word_1_115' title='bbox 161 2149 190 2209; x_wconf 91' lang='lat' dir='ltr'><strong>h.</strong></span> <span class='ocrx_word' id='word_1_116' title='bbox 199 2168 225 2209; x_wconf 90' lang='lat' dir='ltr'><strong>e.</strong></span> <span class='ocrx_word' id='word_1_117' title='bbox 240 2150 371 2207; x_wconf 92' lang='lat' dir='ltr'><strong>membra</strong></span> <span class='ocrx_word' id='word_1_118' title='bbox 385 2167 438 2208; x_wconf 91' lang='lat' dir='ltr'><strong>suo</strong></span> <span class='ocrx_word' id='word_1_119' title='bbox 452 2159 535 2208; x_wconf 90' lang='lat' dir='ltr'><strong>motu</strong></span> <span class='ocrx_word' id='word_1_120' title='bbox 550 2149 740 2225; x_wconf 85' lang='lat' dir='ltr'><strong>exprimentia</strong></span> <span class='ocrx_word' id='word_1_121' title='bbox 754 2148 923 2224; x_wconf 87' lang='lat' dir='ltr'><strong>delphinum</strong></span> <span class='ocrx_word' id='word_1_122' title='bbox 938 2157 1044 2206; x_wconf 91' lang='lat' dir='ltr'><strong>motus.</strong></span> <span class='ocrx_word' id='word_1_123' title='bbox 1080 2145 1211 2204; x_wconf 89' lang='lat' dir='ltr'><strong>Plerum-</strong></span> 
     </span>
     <span class='ocr_line' id='line_1_20' title="bbox 163 2247 489 2325; baseline -0.003 -18"><span class='ocrx_word' id='word_1_124' title='bbox 163 2267 219 2325; x_wconf 89' lang='lat' dir='ltr'><strong>que</strong></span> <span class='ocrx_word' id='word_1_125' title='bbox 233 2267 283 2305; x_wconf 86' lang='lat' dir='ltr'><strong>suo</strong></span> <span class='ocrx_word' id='word_1_126' title='bbox 298 2254 371 2305; x_wconf 85' lang='lat' dir='ltr'><strong>motu</strong></span> <span class='ocrx_word' id='word_1_127' title='bbox 386 2247 489 2306; x_wconf 87' lang='lat' dir='ltr'><strong>editur.</strong></span> 
     </span>
     <span class='ocr_line' id='line_1_21' title="bbox 203 2344 708 2422; baseline -0.002 -17"><span class='ocrx_word' id='word_1_128' title='bbox 203 2347 241 2406; x_wconf 92' lang='lat' dir='ltr'><strong>V.</strong></span> <span class='ocrx_word' id='word_1_129' title='bbox 257 2361 315 2421; x_wconf 84' lang='grc'><strong>456</strong></span> <span class='ocrx_word' id='word_1_130' title='bbox 331 2365 394 2422; x_wconf 88' lang='lat' dir='ltr'><strong>sqq.</strong></span> <span class='ocrx_word' id='word_1_131' title='bbox 409 2346 450 2404; x_wconf 89' lang='lat' dir='ltr'><strong>sic</strong></span> <span class='ocrx_word' id='word_1_132' title='bbox 466 2346 578 2404; x_wconf 90' lang='lat' dir='ltr'><strong>suntin</strong></span> <span class='ocrx_word' id='word_1_133' title='bbox 592 2344 708 2404; x_wconf 92' lang='lat' dir='ltr'><strong>Gembl.</strong></span> 
     </span>
     <span class='ocr_line' id='line_1_22' title="bbox 287 2443 1038 2521; baseline -0.003 -19"><span class='ocrx_word' id='word_1_134' title='bbox 287 2444 345 2502; x_wconf 91' lang='lat' dir='ltr'><strong>Sed</strong></span> <span class='ocrx_word' id='word_1_135' title='bbox 366 2445 485 2519; x_wconf 87' lang='lat' dir='ltr'><strong>regione</strong></span> <span class='ocrx_word' id='word_1_136' title='bbox 506 2462 607 2503; x_wconf 88' lang='lat' dir='ltr'><strong>means</strong></span> <span class='ocrx_word' id='word_1_137' title='bbox 626 2443 761 2520; x_wconf 88' lang='lat' dir='ltr'><strong>Cepheus</strong></span> <span class='ocrx_word' id='word_1_138' title='bbox 781 2444 907 2502; x_wconf 87' lang='lat' dir='ltr'><strong>umentis</strong></span> <span class='ocrx_word' id='word_1_139' title='bbox 927 2443 1038 2521; x_wconf 89' lang='lat' dir='ltr'><strong>Aquari</strong></span> 
     </span>
     <span class='ocr_line' id='line_1_23' title="bbox 285 2541 1016 2602; baseline 0 -2"><span class='ocrx_word' id='word_1_140' title='bbox 285 2542 357 2602; x_wconf 93' lang='lat' dir='ltr'><strong>Non</strong></span> <span class='ocrx_word' id='word_1_141' title='bbox 378 2543 458 2601; x_wconf 87' lang='lat' dir='ltr'><strong>dabit</strong></span> <span class='ocrx_word' id='word_1_142' title='bbox 479 2543 596 2600; x_wconf 91' lang='lat' dir='ltr'><strong>illusum</strong></span> <span class='ocrx_word' id='word_1_143' title='bbox 617 2560 715 2601; x_wconf 92' lang='lat' dir='ltr'><strong>mores</strong></span> <span class='ocrx_word' id='word_1_144' title='bbox 734 2541 803 2601; x_wconf 86' lang='lat' dir='ltr'><strong>facit</strong></span> <span class='ocrx_word' id='word_1_145' title='bbox 823 2561 876 2602; x_wconf 85' lang='lat' dir='ltr'><strong>ora</strong></span> <span class='ocrx_word' id='word_1_146' title='bbox 897 2560 1016 2601; x_wconf 87' lang='lat' dir='ltr'><strong>seuerae</strong></span> 
     </span>
     <span class='ocr_line' id='line_1_24' title="bbox 285 2641 1042 2717; baseline 0.003 -19"><span class='ocrx_word' id='word_1_147' title='bbox 285 2641 402 2699; x_wconf 90' lang='lat' dir='ltr'><strong>Frontis</strong></span> <span class='ocrx_word' id='word_1_148' title='bbox 423 2659 457 2699; x_wconf 86' lang='lat' dir='ltr'><strong>ac</strong></span> <span class='ocrx_word' id='word_1_149' title='bbox 478 2641 575 2701; x_wconf 87' lang='lat' dir='ltr'><strong>uultus</strong></span> <span class='ocrx_word' id='word_1_150' title='bbox 596 2642 748 2716; x_wconf 89' lang='lat' dir='ltr'><strong>componit</strong></span> <span class='ocrx_word' id='word_1_151' title='bbox 768 2641 898 2717; x_wconf 89' lang='lat' dir='ltr'><strong>pondere</strong></span> <span class='ocrx_word' id='word_1_152' title='bbox 919 2650 1042 2700; x_wconf 82' lang='lat' dir='ltr'><strong>mentes</strong></span> 
     </span>
    </p>
   </div>
   <div class='ocr_carea' id='block_1_6' title="bbox 163 2749 1213 3616">
    <p class='ocr_par' dir='ltr' id='par_1_6' title="bbox 163 2749 1211 3220">
     <span class='ocr_line' id='line_1_25' title="bbox 205 2749 1211 2826; baseline -0.002 -17"><span class='ocrx_word' id='word_1_153' title='bbox 205 2765 261 2825; x_wconf 82' lang='lat'><strong>451</strong></span> <span class='ocrx_word' id='word_1_154' title='bbox 279 2753 310 2809; x_wconf 92' lang='lat' dir='ltr'><strong>in</strong></span> <span class='ocrx_word' id='word_1_155' title='bbox 324 2751 419 2809; x_wconf 91' lang='lat' dir='ltr'><strong>lusum</strong></span> <span class='ocrx_word' id='word_1_156' title='bbox 428 2752 557 2826; x_wconf 79' lang='lat' dir='ltr'><strong>plerique</strong></span> <span class='ocrx_word' id='word_1_157' title='bbox 570 2769 703 2810; x_wconf 88' lang='lat' dir='ltr'><strong>seuerare</strong></span> <span class='ocrx_word' id='word_1_158' title='bbox 722 2749 808 2808; x_wconf 71' lang='lat' dir='ltr'><strong>Voss.²</strong></span> <span class='ocrx_word' id='word_1_159' title='bbox 822 2769 940 2809; x_wconf 87' lang='lat' dir='ltr'><strong>manere</strong></span> <span class='ocrx_word' id='word_1_160' title='bbox 960 2749 1045 2808; x_wconf 88' lang='lat' dir='ltr'><strong>Voss.¹</strong></span> <span class='ocrx_word' id='word_1_161' title='bbox 1062 2750 1113 2808; x_wconf 82' lang='lat' dir='ltr'><strong>bo.</strong></span> <span class='ocrx_word' id='word_1_162' title='bbox 1130 2749 1211 2810; x_wconf 86' lang='lat' dir='ltr'><strong>Num</strong></span> 
     </span>
     <span class='ocr_line' id='line_1_26' title="bbox 164 2848 1210 2924; baseline -0.003 -16"><span class='ocrx_word' id='word_1_163' title='bbox 164 2850 293 2908; x_wconf 84' lang='lat' dir='ltr'><strong>minere?</strong></span> <span class='ocrx_word' id='word_1_164' title='bbox 329 2850 417 2907; x_wconf 83' lang='lat' dir='ltr'><strong>Lucr.</strong></span> <span class='ocrx_word' id='word_1_165' title='bbox 425 2849 460 2906; x_wconf 90' lang='lat' dir='ltr'><strong>vi.</strong></span> <span class='ocrx_word' id='word_1_166' title='bbox 476 2864 551 2924; x_wconf 89' lang='lat'><strong>1195</strong></span> <span class='ocrx_word' id='word_1_167' title='bbox 564 2849 644 2907; x_wconf 88' lang='lat' dir='ltr'><strong>frons</strong></span> <span class='ocrx_word' id='word_1_168' title='bbox 657 2859 738 2907; x_wconf 84' lang='lat' dir='ltr'><strong>tenta</strong></span> <span class='ocrx_word' id='word_1_169' title='bbox 751 2849 888 2920; x_wconf 88' lang='lat' dir='ltr'><strong>minebat,</strong></span> <span class='ocrx_word' id='word_1_170' title='bbox 899 2851 941 2907; x_wconf 84' lang='lat' dir='ltr'><strong>sie</strong></span> <span class='ocrx_word' id='word_1_171' title='bbox 950 2850 1022 2906; x_wconf 84' lang='lat' dir='ltr'><strong>enim</strong></span> <span class='ocrx_word' id='word_1_172' title='bbox 1036 2848 1210 2906; x_wconf 80' lang='lat' dir='ltr'><strong>scribendum</strong></span> 
     </span>
     <span class='ocr_line' id='line_1_27' title="bbox 164 2945 1211 3024; baseline -0.002 -18"><span class='ocrx_word' id='word_1_173' title='bbox 164 2949 248 3006; x_wconf 83' lang='lat' dir='ltr'><strong>docui</strong></span> <span class='ocrx_word' id='word_1_174' title='bbox 257 2949 288 3005; x_wconf 86' lang='lat' dir='ltr'><strong>in</strong></span> <span class='ocrx_word' id='word_1_175' title='bbox 302 2946 410 3005; x_wconf 83' lang='lat' dir='ltr'><strong>De&#39;ure&#39;o</strong></span> <span class='ocrx_word' id='word_1_176' title='bbox 423 2948 529 3006; x_wconf 78' lang='lat' dir='ltr'><strong>sz&#39;lol.</strong></span> <span class='ocrx_word' id='word_1_177' title='bbox 544 2947 711 3023; x_wconf 81' lang='lat' dir='ltr'><strong>Cunlubrz&#39;g.</strong></span> <span class='ocrx_word' id='word_1_178' title='bbox 723 2946 761 3005; x_wconf 93' lang='lat' dir='ltr'><strong>T.</strong></span> <span class='ocrx_word' id='word_1_179' title='bbox 772 2948 798 3005; x_wconf 91' lang='lat' dir='ltr'><strong>ii.</strong></span> <span class='ocrx_word' id='word_1_180' title='bbox 810 2966 839 3023; x_wconf 92' lang='lat' dir='ltr'><strong>p.</strong></span> <span class='ocrx_word' id='word_1_181' title='bbox 852 2966 920 3021; x_wconf 82' lang='lat'><em>²²3·</em></span> <span class='ocrx_word' id='word_1_182' title='bbox 963 2960 1020 3020; x_wconf 81' lang='lat'><strong>452</strong></span> <span class='ocrx_word' id='word_1_183' title='bbox 1036 2945 1211 3024; x_wconf 89' lang='lat' dir='ltr'><strong>Frontisque</strong></span> 
     </span>
     <span class='ocr_line' id='line_1_28' title="bbox 163 3045 1211 3123; baseline -0.002 -18"><span class='ocrx_word' id='word_1_184' title='bbox 163 3047 203 3105; x_wconf 86' lang='lat' dir='ltr'><strong>bo</strong></span> <span class='ocrx_word' id='word_1_185' title='bbox 219 3066 259 3105; x_wconf 87' lang='lat' dir='ltr'><strong>ex</strong></span> <span class='ocrx_word' id='word_1_186' title='bbox 272 3046 479 3123; x_wconf 79' lang='lat' dir='ltr'><strong>euterpolutioue</strong></span> <span class='ocrx_word' id='word_1_187' title='bbox 493 3046 619 3105; x_wconf 89' lang='lat' dir='ltr'><strong>condere</strong></span> <span class='ocrx_word' id='word_1_188' title='bbox 641 3045 727 3104; x_wconf 73' lang='lat' dir='ltr'><strong>Voss.¹</strong></span> <span class='ocrx_word' id='word_1_189' title='bbox 757 3045 825 3105; x_wconf 83' lang='lat' dir='ltr'><strong>facit</strong></span> <span class='ocrx_word' id='word_1_190' title='bbox 839 3064 891 3106; x_wconf 85' lang='lat' dir='ltr'><strong>ora</strong></span> <span class='ocrx_word' id='word_1_191' title='bbox 905 3064 1014 3106; x_wconf 89' lang='lat' dir='ltr'><strong>seuera.</strong></span> <span class='ocrx_word' id='word_1_192' title='bbox 1046 3045 1162 3105; x_wconf 89' lang='lat' dir='ltr'><strong>Frontis</strong></span> <span class='ocrx_word' id='word_1_193' title='bbox 1176 3063 1211 3104; x_wconf 90' lang='lat' dir='ltr'><strong>ac</strong></span> 
     </span>
     <span class='ocr_line' id='line_1_29' title="bbox 163 3142 846 3220; baseline -0.001 -17"><span class='ocrx_word' id='word_1_194' title='bbox 163 3144 262 3203; x_wconf 93' lang='lat' dir='ltr'><strong>uultus</strong></span> <span class='ocrx_word' id='word_1_195' title='bbox 276 3144 427 3219; x_wconf 89' lang='lat' dir='ltr'><strong>componit</strong></span> <span class='ocrx_word' id='word_1_196' title='bbox 441 3144 572 3220; x_wconf 91' lang='lat' dir='ltr'><strong>pondere</strong></span> <span class='ocrx_word' id='word_1_197' title='bbox 587 3144 692 3203; x_wconf 91' lang='lat' dir='ltr'><strong>mentis</strong></span> <span class='ocrx_word' id='word_1_198' title='bbox 707 3142 846 3220; x_wconf 65' lang='lat' dir='ltr'><strong>Sealegser.</strong></span> 
     </span>
    </p>

    <p class='ocr_par' dir='ltr' id='par_1_7' title="bbox 163 3240 1213 3616">
     <span class='ocr_line' id='line_1_30' title="bbox 196 3240 1213 3318; baseline -0.001 -17"><span class='ocrx_word' id='word_1_199' title='bbox 196 3242 306 3301; x_wconf 91' lang='lat' dir='ltr'><strong>Mirum</strong></span> <span class='ocrx_word' id='word_1_200' title='bbox 327 3252 371 3300; x_wconf 93' lang='lat' dir='ltr'><strong>est</strong></span> <span class='ocrx_word' id='word_1_201' title='bbox 391 3241 461 3300; x_wconf 90' lang='lat' dir='ltr'><strong>illud</strong></span> <span class='ocrx_word' id='word_1_202' title='bbox 482 3261 591 3300; x_wconf 87' lang='lat' dir='ltr'><strong>munere</strong></span> <span class='ocrx_word' id='word_1_203' title='bbox 611 3243 693 3318; x_wconf 95' lang='lat' dir='ltr'><strong>quod</strong></span> <span class='ocrx_word' id='word_1_204' title='bbox 714 3243 808 3301; x_wconf 91' lang='lat' dir='ltr'><strong>estin</strong></span> <span class='ocrx_word' id='word_1_205' title='bbox 832 3240 917 3302; x_wconf 83' lang='lat' dir='ltr'><strong>Voss.1</strong></span> <span class='ocrx_word' id='word_1_206' title='bbox 934 3242 995 3301; x_wconf 88' lang='lat' dir='ltr'><strong>bo:</strong></span> <span class='ocrx_word' id='word_1_207' title='bbox 1018 3261 1089 3301; x_wconf 90' lang='lat' dir='ltr'><strong>nam</strong></span> <span class='ocrx_word' id='word_1_208' title='bbox 1110 3245 1213 3302; x_wconf 71' lang='lat' dir='ltr'><strong>meruere</strong></span> 
     </span>
     <span class='ocr_line' id='line_1_31' title="bbox 163 3340 1211 3418; baseline -0.001 -17"><span class='ocrx_word' id='word_1_209' title='bbox 163 3342 208 3401; x_wconf 93' lang='lat' dir='ltr'><strong>bis</strong></span> <span class='ocrx_word' id='word_1_210' title='bbox 227 3340 380 3399; x_wconf 92' lang='lat' dir='ltr'><strong>Lucretius</strong></span> <span class='ocrx_word' id='word_1_211' title='bbox 394 3341 508 3399; x_wconf 89' lang='lat' dir='ltr'><strong>uidetur</strong></span> <span class='ocrx_word' id='word_1_212' title='bbox 522 3358 677 3417; x_wconf 84' lang='lat' dir='ltr'><strong>usurpasse</strong></span> <span class='ocrx_word' id='word_1_213' title='bbox 696 3341 732 3399; x_wconf 91' lang='lat' dir='ltr'><strong>de</strong></span> <span class='ocrx_word' id='word_1_214' title='bbox 753 3361 784 3400; x_wconf 90' lang='lat' dir='ltr'><strong>re</strong></span> <span class='ocrx_word' id='word_1_215' title='bbox 804 3342 988 3418; x_wconf 90' lang='lat' dir='ltr'><strong>prominente</strong></span> <span class='ocrx_word' id='word_1_216' title='bbox 1003 3350 1031 3400; x_wconf 91' lang='lat' dir='ltr'><strong>et</strong></span> <span class='ocrx_word' id='word_1_217' title='bbox 1045 3342 1131 3418; x_wconf 88' lang='lat' dir='ltr'><strong>quasi</strong></span> <span class='ocrx_word' id='word_1_218' title='bbox 1144 3360 1211 3418; x_wconf 86' lang='lat' dir='ltr'><strong>pro·</strong></span> 
     </span>
     <span class='ocr_line' id='line_1_32' title="bbox 163 3438 1211 3517; baseline 0.001 -20"><span class='ocrx_word' id='word_1_219' title='bbox 163 3440 295 3498; x_wconf 89' lang='lat' dir='ltr'><strong>mittente</strong></span> <span class='ocrx_word' id='word_1_220' title='bbox 316 3440 440 3498; x_wconf 88' lang='lat' dir='ltr'><strong>ruinam.</strong></span> <span class='ocrx_word' id='word_1_221' title='bbox 486 3438 572 3498; x_wconf 91' lang='lat' dir='ltr'><strong>Libet</strong></span> <span class='ocrx_word' id='word_1_222' title='bbox 593 3439 706 3499; x_wconf 85' lang='lat' dir='ltr'><strong>adferre</strong></span> <span class='ocrx_word' id='word_1_223' title='bbox 724 3459 799 3516; x_wconf 88' lang='lat' dir='ltr'><strong>quae</strong></span> <span class='ocrx_word' id='word_1_224' title='bbox 820 3440 858 3498; x_wconf 87' lang='lat' dir='ltr'><strong>ad</strong></span> <span class='ocrx_word' id='word_1_225' title='bbox 879 3440 965 3500; x_wconf 91' lang='lat' dir='ltr'><strong>Lucr.</strong></span> <span class='ocrx_word' id='word_1_226' title='bbox 979 3442 1015 3497; x_wconf 88' lang='lat' dir='ltr'><strong>vi.</strong></span> <span class='ocrx_word' id='word_1_227' title='bbox 1033 3444 1091 3515; x_wconf 84' lang='lat'><strong>563</strong></span> <span class='ocrx_word' id='word_1_228' title='bbox 1111 3440 1211 3517; x_wconf 89' lang='lat' dir='ltr'><strong>scripsi</strong></span> 
     </span>
     <span class='ocr_line' id='line_1_33' title="bbox 164 3536 1211 3616; baseline 0 -20"><span class='ocrx_word' id='word_1_229' title='bbox 164 3556 244 3597; x_wconf 88' lang='lat' dir='ltr'><strong>anno</strong></span> <span class='ocrx_word' id='word_1_230' title='bbox 268 3540 365 3612; x_wconf 88' lang='lat'>1869:</span> <span class='ocrx_word' id='word_1_231' title='bbox 399 3536 561 3596; x_wconf 81' lang='lat' dir='ltr'><strong>‘Inclinata</strong></span> <span class='ocrx_word' id='word_1_232' title='bbox 582 3540 687 3596; x_wconf 79' lang='lat' dir='ltr'><strong>minent</strong></span> <span class='ocrx_word' id='word_1_233' title='bbox 703 3539 727 3597; x_wconf 91' lang='lat' dir='ltr'><strong>is</strong></span> <span class='ocrx_word' id='word_1_234' title='bbox 748 3539 878 3598; x_wconf 87' lang='lat' dir='ltr'><strong>retained</strong></span> <span class='ocrx_word' id='word_1_235' title='bbox 898 3540 937 3616; x_wconf 88' lang='lat' dir='ltr'><strong>by</strong></span> <span class='ocrx_word' id='word_1_236' title='bbox 958 3538 1131 3611; x_wconf 87' lang='lat' dir='ltr'><strong>Lambinus,</strong></span> <span class='ocrx_word' id='word_1_237' title='bbox 1153 3536 1211 3597; x_wconf 90' lang='lat' dir='ltr'><strong>and</strong></span> 
     </span>
    </p>
   </div>
   <div class='ocr_carea' id='block_1_7' title="bbox 163 3698 1213 3958">
    <p class='ocr_par' dir='ltr' id='par_1_8' title="bbox 163 3698 1213 3958">
     <span class='ocr_line' id='line_1_34' title="bbox 164 3698 1211 3765; baseline 0.005 -18"><span class='ocrx_word' id='word_1_238' title='bbox 164 3698 328 3762; x_wconf 82' lang='lat' dir='ltr'><strong>Pendrbe&#39;tque</strong></span> <span class='ocrx_word' id='word_1_239' title='bbox 341 3705 423 3762; x_wconf 85' lang='lat' dir='ltr'><strong>super,</strong></span> <span class='ocrx_word' id='word_1_240' title='bbox 435 3705 500 3748; x_wconf 84' lang='lat' dir='ltr'><strong>totus</strong></span> <span class='ocrx_word' id='word_1_241' title='bbox 510 3698 564 3746; x_wconf 86' lang='lat' dir='ltr'><strong>siue</strong></span> <span class='ocrx_word' id='word_1_242' title='bbox 578 3699 676 3762; x_wconf 81' lang='lat' dir='ltr'><strong>remige.</strong></span> <span class='ocrx_word' id='word_1_243' title='bbox 710 3700 800 3749; x_wconf 84' lang='lat' dir='ltr'><strong>Votum</strong></span> <span class='ocrx_word' id='word_1_244' title='bbox 816 3707 852 3750; x_wconf 86' lang='lat' dir='ltr'><strong>est</strong></span> <span class='ocrx_word' id='word_1_245' title='bbox 865 3700 924 3749; x_wconf 82' lang='lat' dir='ltr'><strong>Illis</strong></span> <span class='ocrx_word' id='word_1_246' title='bbox 940 3701 970 3748; x_wconf 86' lang='lat' dir='ltr'><strong>in</strong></span> <span class='ocrx_word' id='word_1_247' title='bbox 981 3707 1065 3765; x_wconf 77' lang='lat' dir='ltr'><strong>pereto,</strong></span> <span class='ocrx_word' id='word_1_248' title='bbox 1077 3701 1211 3752; x_wconf 67' lang='lat' dir='ltr'><strong>meandum</strong></span> 
     </span>
     <span class='ocr_line' id='line_1_35' title="bbox 163 3763 1212 3832; baseline 0.006 -20"><span class='ocrx_word' id='word_1_249' title='bbox 163 3771 199 3812; x_wconf 88' lang='lat' dir='ltr'><strong>est</strong></span> <span class='ocrx_word' id='word_1_250' title='bbox 217 3779 335 3826; x_wconf 79' lang='lat' dir='ltr'><strong>quaerere</strong></span> <span class='ocrx_word' id='word_1_251' title='bbox 352 3771 467 3828; x_wconf 79' lang='lat' dir='ltr'><strong>pontum.</strong></span> <span class='ocrx_word' id='word_1_252' title='bbox 512 3763 561 3813; x_wconf 89' lang='lat' dir='ltr'><strong>Sed</strong></span> <span class='ocrx_word' id='word_1_253' title='bbox 579 3764 663 3813; x_wconf 90' lang='lat' dir='ltr'><strong>nullus</strong></span> <span class='ocrx_word' id='word_1_254' title='bbox 682 3764 771 3814; x_wconf 85' lang='lat' dir='ltr'><strong>dubito</strong></span> <span class='ocrx_word' id='word_1_255' title='bbox 788 3766 960 3828; x_wconf 82' lang='lat' dir='ltr'><strong>coniungenda</strong></span> <span class='ocrx_word' id='word_1_256' title='bbox 978 3782 1031 3816; x_wconf 86' lang='lat' dir='ltr'><strong>esse</strong></span> <span class='ocrx_word' id='word_1_257' title='bbox 1050 3769 1080 3816; x_wconf 85' lang='lat' dir='ltr'><strong>in</strong></span> <span class='ocrx_word' id='word_1_258' title='bbox 1094 3776 1212 3832; x_wconf 75' lang='lat' dir='ltr'><strong>poneret</strong></span> 
     </span>
     <span class='ocr_line' id='line_1_36' title="bbox 164 3830 1213 3902; baseline 0.009 -26"><span class='ocrx_word' id='word_1_259' title='bbox 164 3845 281 3892; x_wconf 78' lang='lat' dir='ltr'><strong>quaerere</strong></span> <span class='ocrx_word' id='word_1_260' title='bbox 293 3837 418 3893; x_wconf 73' lang='lat' dir='ltr'><strong>paruum:</strong></span> <span class='ocrx_word' id='word_1_261' title='bbox 434 3845 485 3893; x_wconf 86' lang='lat' dir='ltr'><strong>quo</strong></span> <span class='ocrx_word' id='word_1_262' title='bbox 501 3844 619 3879; x_wconf 85' lang='lat' dir='ltr'><strong>concesso</strong></span> <span class='ocrx_word' id='word_1_263' title='bbox 635 3830 726 3880; x_wconf 89' lang='lat' dir='ltr'><strong>corruit</strong></span> <span class='ocrx_word' id='word_1_264' title='bbox 742 3830 787 3881; x_wconf 81' lang='lat' dir='ltr'><strong>illa</strong></span> <span class='ocrx_word' id='word_1_265' title='bbox 803 3831 931 3881; x_wconf 79' lang='lat' dir='ltr'><strong>Carrionis</strong></span> <span class='ocrx_word' id='word_1_266' title='bbox 942 3838 968 3882; x_wconf 88' lang='lat' dir='ltr'><strong>et</strong></span> <span class='ocrx_word' id='word_1_267' title='bbox 978 3832 1103 3897; x_wconf 67' lang='lat' dir='ltr'><strong>Scaliger,</strong></span> <span class='ocrx_word' id='word_1_268' title='bbox 1117 3836 1213 3902; x_wconf 83' lang='lat' dir='ltr'><strong>alioqui</strong></span> 
     </span>
     <span class='ocr_line' id='line_1_37' title="bbox 164 3894 684 3958; baseline 0.01 -16"><span class='ocrx_word' id='word_1_269' title='bbox 164 3894 207 3943; x_wconf 83' lang='lat' dir='ltr'><strong>uix</strong></span> <span class='ocrx_word' id='word_1_270' title='bbox 219 3895 280 3944; x_wconf 80' lang='lat' dir='ltr'><strong>setis</strong></span> <span class='ocrx_word' id='word_1_271' title='bbox 291 3911 317 3945; x_wconf 85' lang='lat' dir='ltr'><strong>se</strong></span> <span class='ocrx_word' id='word_1_272' title='bbox 328 3896 539 3958; x_wconf 74' lang='lat' dir='ltr'><strong>commendatum,</strong></span> <span class='ocrx_word' id='word_1_273' title='bbox 552 3895 684 3947; x_wconf 86' lang='lat' dir='ltr'><strong>distinctio.</strong></span> 
     </span>
    </p>
   </div>
   <div class='ocr_carea' id='block_1_8' title="bbox 0 0 1385 4448">
    <p class='ocr_par' dir='ltr' id='par_1_9' title="bbox 0 0 1385 4448">
     <span class='ocr_line' id='line_1_38' title="bbox 0 0 1385 4448; baseline 0 0"><span class='ocrx_word' id='word_1_274' title='bbox 0 0 1385 4448; x_wconf 95' lang='lat' dir='ltr'><strong> </strong></span> 
     </span>
    </p>
   </div>
  </div>
 </body>
</html>
