2760 4448
1171 276 1212 356 87

163 442 339 504 editionibus
350 442 553 520 antiquissimis
566 450 682 503 exactas
691 447 725 514 in
733 434 820 503 'horas
834 444 862 503 h.
873 463 897 504 e.
910 446 1099 506 constituatur
1113 447 1214 524 regula

163 561 239 621 quae
250 541 376 618 pendeat
386 560 422 600 ex
434 532 617 601 dimensione
628 543 774 614 horarum,
784 554 869 620 prout
880 544 1027 621 longiores
1041 546 1103 604 dies
1116 546 1213 604 breui-

164 658 267 699 oresue
282 639 401 711 luerint3
422 650 479 711 aut,
494 639 743 717 quemadmodum
748 643 903 717 firmatur
920 653 964 701 est
981 644 1012 702 in
1027 642 1143 702 Gembl.
1158 661 1214 719 pro

150 739 310 818 formetur,
324 738 365 796 sic
383 744 485 798 exacta
504 739 575 797 uitio
594 738 733 815 scriptum
747 749 791 798 est
805 757 860 816 pro
873 746 978 812 exacte,
991 759 1051 818 quo
1066 741 1214 811 aduerbi0‚

164 836 217 896 sed
230 836 262 894 in
275 836 486 912 comparatiuo,
498 854 568 896 usus
582 846 626 895 est
641 835 722 895 Mela
731 837 749 895 i.
761 856 786 896 1.
799 856 815 895 2
829 839 919 895 dz'cam
935 846 1024 897 autem
1039 841 1114 897 altas
1121 841 1214 914 plura

162 941 190 993 et
208 936 346 1007 exactrice,
366 925 441 992 nunc'
461 941 495 993 ut
514 953 634 1010 quaeque
656 942 741 994 erunt
761 938 924 994 clarissima
947 943 973 994 et
994 938 1117 995 sirritt'm
1139 936 1215 996 ‘and

164 1033 264 1092 unless
292 1051 310 1090 a
336 1032 411 1092 scale
439 1032 476 1091 be
497 1031 610 1092 formed
630 1033 670 1110 by
692 1033 771 1093 strict
792 1044 1005 1092 measurement
1028 1034 1160 1112 adjusted
1182 1044 1215 1094 to

164 1130 262 1202 hours,
287 1129 493 1207 apportioning
516 1130 565 1190 the
590 1130 690 1207 length
714 1131 749 1190 of
772 1131 821 1190 the
849 1131 966 1208 longest
993 1132 1058 1208 day,
1081 1132 1142 1191 and
1165 1131 1215 1192 the

164 1228 282 1305 longest
296 1229 396 1306 night!
475 1234 477 1238 ‘

206 1344 234 1385 u.
255 1341 311 1402 251
332 1337 410 1387 recte
430 1327 544 1386 uidetur
564 1327 734 1387 emendasse
751 1327 856 1405 Fayus,
878 1328 999 1388 fortasse
1021 1347 1058 1387 ex
1080 1314 1214 1389 Parisino

163 1425 275 1497 codice,
290 1443 360 1484 nam
380 1435 413 1484 ut
434 1428 492 1498 248
514 1426 586 1484 dixit
602 1425 652 1486 Ni
666 1428 751 1485 lucem
767 1433 920 1503 noctemque
927 1428 1017 1502 parri·
1031 1428 1169 1485 dimensus
1183 1428 1214 1484 in

163 1523 259 1594 horas,
274 1524 315 1582 sic
329 1523 377 1582 hic
390 1524 459 1594 dies,
474 1525 595 1583 umbrae
613 1525 728 1583 alternis
742 1525 970 1602 perpenduntur.
1015 1524 1127 1602 Segnes
1146 1533 1214 1584 sunt

163 1621 227 1680 dies
241 1621 349 1681 Cancri
363 1622 514 1700 principio,
528 1633 629 1682 noctes
644 1622 825 1700 Capricorni.

206 1720 263 1779 111.
279 1733 335 1796 271
353 1738 416 1798 sqq.
431 1721 472 1780 sic
487 1730 585 1780 extant
599 1721 629 1779 in
643 1719 759 1781 Gembl.

287 1818 385 1896 Atque
406 1820 478 1879 haec
498 1819 548 1878 illa
568 1819 687 1880 demum
708 1829 752 1878 est
772 1837 909 1878 mensura
929 1838 982 1896 per
1002 1819 1089 1879 horas

290 1916 374 1989 Quas
394 1918 468 1995 rigat
488 1917 604 1977 aestiuis
624 1918 762 1996 gradibus
782 1918 958 1977 torrentibus
979 1912 1074 1976 amnis

289 2015 374 2076 Nilus
394 2026 423 2075 et
442 2035 599 2094 erumpens
619 2017 746 2076 imitatur
767 2016 858 2075 sidera
879 2016 981 2076 mundi

290 2113 345 2174 Per
365 2126 478 2192 septem
498 2116 597 2175 fauces
616 2125 704 2192 atque
725 2134 777 2174 ora
798 2114 929 2192 fugantia
949 2123 1083 2193 pontum.

209 2212 331 2288 271illa
352 2211 437 2274 Voss.¹
458 2213 525 2274 Cus.
542 2222 645 2273 natura
666 2233 757 2291 marg.
777 2231 914 2272 mensura
935 2212 1003 2273 Cur.
1022 2212 1120 2290 Atque
1141 2211 1215 2271 haec

162 2310 212 2370 illa
226 2311 346 2370 demum
360 2330 495 2371 mensura
514 2313 599 2371 Voss.l
609 2313 705 2390 Atque
719 2311 790 2370 haec
805 2322 848 2370 est
861 2311 923 2370 illas
937 2310 964 2370 d.
977 2328 1015 2369 m.
1027 2329 1078 2385 per
1093 2327 1159 2368 oras
1174 2311 1215 2369 bo

161 2411 264 2486 Atque
288 2409 361 2470 haec
385 2409 513 2471 Niliacas
534 2410 652 2470 demum
675 2420 719 2469 est
740 2427 779 2467 m.
800 2428 852 2488 per
875 2428 940 2469 oras
960 2408 1111 2466 Bentlerits.
1157 2420 1213 2483 272

164 2507 236 2581 Qua
258 2508 299 2567 ed.
323 2509 408 2568 Rom.
433 2525 510 2584 1510
531 2509 656 2568 aestiuus
679 2508 747 2568 Cur.
765 2509 810 2566 bo
831 2508 968 2584 grauidus
992 2504 1120 2583 Scaliger
1141 2505 1215 2564 iniis

172 2605 261 2665 Voss?
273 2608 337 2666 anis
353 2606 421 2667 Cur.
463 2607 532 2680 Qua
546 2651 552 2665 .
568 2650 575 2666 .
591 2651 598 2666 .
612 2626 683 2666 arua
696 2606 841 2665 Bentlezits
854 2612 880 2663 et
892 2607 921 2662 in
935 2617 991 2680 273
1007 2604 1120 2663 Amnis.

207 2707 340 2767 Bentleio
368 2709 419 2766 illa
450 2707 480 2764 in
508 2703 661 2765 attacas¹
685 2707 845 2783 refingente
871 2704 1031 2782 simplicius
1056 2703 1097 2763 sic
1126 2703 1217 2762 uerba

164 2807 283 2884 corrigo

290 2903 389 2982 Atque
409 2903 481 2963 haec
502 2902 614 2962 illarum
635 2902 754 2962 demum
774 2911 819 2970 est
839 2918 976 2960 mensura
996 2918 1048 2978 per
1069 2917 1136 2960 oras

165 3003 281 3063 illarum
296 3021 335 3063 sc.
349 3003 495 3061 horarum.

226 3103 265 3160 ΙΙ.
283 3103 319 3159 28

209 3104 224 3162 I
289 3121 339 3258 Et3
349 3198 469 3258 totidem
489 3198 624 3257 amittunt
644 3197 754 3274 gelidas
775 3197 925 3275 uergentia
945 3196 975 3255 in
995 3197 1122 3254 umbras.

167 3297 322 3376 Nusquam
346 3297 439 3372 magis
461 3297 628 3373 perspicitur
652 3296 827 3374 praestantia
851 3294 959 3354 codicis
980 3290 1142 3363 Vossiani⁹,
1166 3290 1215 3378 qui

166 3415 244 3456 unus
268 3396 357 3455 habet
371 3395 466 3472 gelida
486 3396 647 3470 uergenntz:
675 3395 763 3453 ceteri
784 3394 887 3452 uitiose
904 3393 1066 3470 gelidasque
1085 3390 1216 3465 regentia.

167 3496 271 3574 ltaque
286 3493 444 3553 dolendum
458 3503 501 3552 est
516 3492 595 3570 quod
608 3511 635 3550 u.
652 3505 708 3568 277

291 3591 338 3652 Ne
358 3610 466 3668 magna
486 3591 517 3649 in
537 3591 674 3650 breuibus
696 3599 814 3650 careant
834 3588 1011 3666 compendia
1031 3587 1114 3646 dictis

169 3691 322 3752 obscurius
349 3701 501 3750 exaratum
525 3699 568 3749 est
594 3691 625 3748 in
652 3691 709 3750 hoc
737 3690 839 3750 codice
867 3694 988 3759 careant,
1015 3684 1148 3763 quamuis
1176 3683 1217 3742 sic

316 3890 326 3921 ¹
342 3890 426 3941 Potuit
436 3890 530 3940 Isiacas
536 3909 547 3949 ,·
564 3889 599 3940 sic
610 3904 660 3938 non
672 3887 809 3939 tollendum
821 3894 873 3938 erat
884 3887 962 3937 Nilus
974 3886 999 3933 in
1014 3893 1067 3947 273.
