2760 4448
360 593 439 666 AD
475 593 690 668 MAXIMI
727 594 803 681 περὶ
838 599 1022 685 καταρχῶν.

211 810 266 869 145
283 812 345 871 sqq.
360 795 405 854 ed.
420 795 561 854 Ludwich
576 793 731 873 (Teubner
748 794 838 875 1877)

288 897 320 950 Εἷ
339 896 386 965 μέν
406 897 430 969 γ’
452 897 599 969 εἰαρινοῖσιν
621 897 647 951 ἐν
668 897 796 968 ἅστρασιν
815 897 939 969 Ἀρνειοῖο

288 995 429 1064 Πασιφαης
449 998 544 1050 εἱλοῖτο
564 999 667 1068 βροτοῖς
687 996 779 1050 πανδῖα
799 994 904 1064 Σελήνη,

288 1091 402 1148 Ὀππότε
421 1117 460 1150 τις
480 1094 565 1168 νούσῳ
586 1092 710 1165 ἀρημένος
730 1092 889 1165 ἇλγινοέσση

285 1189 428 1264 Ἀργαλέην
447 1190 541 1264 ιι’σχησι
561 1193 695 1262 μεληδόνα,
716 1191 751 1261 μή
772 1190 802 1246 νύ
823 1213 848 1245 τι
867 1194 938 1262 πῆμα

289 1290 432 1362 Δειδέχθαι·
461 1293 547 1346 Παιὼν
567 1292 617 1364 γὰρ
638 1291 768 1361 ἐναίσιμος
787 1290 961 1362 ἀνθρώποισιν

209 1401 265 1461 150
286 1389 346 1450 †Et
366 1389 397 1443 δέ
414 1412 443 1443 τε
463 1386 502 1446 οἷς
522 1411 564 1443 κεν
584 1390 659 1443 τοῦδε
679 1388 731 1443 κατ’
753 1389 869 1442 εἰδώλοιο
890 1388 998 1461 φέρηται

287 1487 414 1558 Εὐδερκὴς
434 1491 563 1560 κερόεσσα
576 1488 697 1556 Σεληναίη
712 1489 886 1543 κλυτόπωλος.

165 1581 263 1641 Verba
277 1600 354 1659 quae
371 1585 456 1643 obelo
474 1584 585 1659 signaui
600 1583 756 1642 Doruillius
775 1583 815 1641 sic
834 1581 1009 1641 emendabat
1021 1583 1067 1638 Ἐν
1083 1583 1113 1638 δέ
1129 1606 1158 1638 τε
1175 1581 1212 1642 οἷς

164 1704 214 1752 κεν,
229 1680 420 1740 Hermannus
434 1683 479 1738 Ἐν
496 1682 525 1738 δέ
543 1683 566 1738 θ’
580 1683 653 1740 ὅσοις
671 1705 713 1738 κεν
737 1679 904 1740 Gerhardus
918 1683 950 1736 Εἰ
969 1683 997 1737 δὲ
1014 1683 1104 1755 θέρους
1122 1705 1173 1752 κεν,
1190 1685 1212 1738 εἶ

164 1782 195 1836 δέ
212 1782 234 1837 τ’
255 1783 312 1853 ἔοις,
333 1787 370 1853 ην,
390 1781 442 1838 εἴθε
464 1781 486 1838 δ’
503 1784 561 1852 ἔοις,
579 1785 617 1853 ἤν,
635 1780 661 1836 εἴ
679 1804 722 1836 κεν
742 1782 800 1852 ἔοις,
818 1781 849 1851 ἢν
869 1780 916 1838 alii
937 1799 983 1857 ap.
999 1778 1209 1840 Ludwichium.

165 1878 274 1938 Omnia
301 1879 372 1939 haec
403 1879 582 1957 repudianda
614 1896 741 1938 censeo:
777 1878 889 1955 scripsit
917 1879 1066 1939 Maximus
1099 1879 1210 1950 Εἵδετοι,

164 1975 202 2036 οἷς
222 2002 271 2036 κεν.

389 2299 466 2374 AD
504 2299 703 2373 AVIENI
742 2299 988 2374 ARATEA.

202 2492 333 2552 Auienus
352 2493 483 2552 uersibus
504 2496 560 2567 807
577 2510 640 2569 sqq.
656 2492 692 2550 de
707 2493 790 2550 turba
804 2492 931 2570 quadam
948 2491 1093 2550 stellarum
1108 2491 1209 2550 dicens

162 2610 238 2668 quae
254 2611 308 2651 nec
327 2591 452 2650 formam
465 2591 604 2650 haberent
622 2609 676 2650 nec
696 2600 775 2650 certo
792 2591 912 2649 nomine
926 2591 1115 2666 signarentur,
1130 2589 1209 2648 hunc

161 2708 279 2748 uersum
294 2689 402 2749 addidit
416 2691 447 2749 in
461 2690 519 2748 fine

284 2788 349 2848 Nec
371 2787 553 2866 expectanda
572 2787 668 2847 forent
687 2797 781 2864 ponto
802 2787 882 2865 quod
904 2787 965 2847 sola
985 2796 1124 2848 carerent.

162 2887 221 2946 Hic
236 2887 298 2946 iure
312 2887 433 2947 offendit
444 2886 619 2964 Breysigius,
630 2886 709 2963 quod
720 2905 774 2946 nec
781 2893 868 2962 ponto
882 2906 976 2944 carere
990 2887 1051 2945 siue
1066 2886 1208 2957 occidere,

162 3004 216 3044 nec
230 2989 309 3058 solae,
325 3005 393 3045 cum
407 3005 434 3045 u.
454 2999 511 3059 115
525 3003 606 3044 ursas
621 2984 723 3042 dixerit
737 2988 828 3043 nescia
847 2987 931 3061 szgna
950 2988 1048 3058 maris,
1067 3004 1135 3043 uere
1154 2984 1209 3042 dici

162 3085 307 3160 potuerint
322 3084 377 3144 hae
392 3084 498 3144 stellae.
540 3084 642 3159 Itaque
660 3083 791 3160 suspicor
810 3084 997 3144 scribendum
1016 3102 1081 3143 esse
1094 3089 1208 3159 puncta,

161 3193 190 3240 et
211 3183 359 3258 spectanda
380 3201 433 3259 pro
454 3182 633 3258 expectanda,
653 3180 708 3239 hac
729 3182 947 3258 significatione,
962 3200 1057 3259 neque
1077 3191 1138 3239 erat
1158 3199 1209 3239 cur

161 3281 233 3340 haec
248 3281 343 3340 sidera
358 3282 422 3358 quis
438 3280 599 3358 spectando
614 3280 772 3354 indagaret,
788 3299 857 3339 cum
872 3281 934 3339 sola
948 3287 1079 3340 carerent
1093 3281 1208 3355 magni·

161 3380 268 3452 tudine,
283 3399 341 3457 qua
356 3398 430 3457 opus
444 3391 486 3439 est
501 3378 642 3438 sideribus
659 3389 691 3436 ut
709 3380 787 3437 cerni
806 3381 926 3455 possint.
969 3378 1046 3436 Nam
1065 3389 1207 3454 punctum

160 3496 227 3536 cum
243 3479 363 3536 minima
385 3480 420 3536 sit
437 3497 502 3554 pars
521 3478 623 3547 lineae,
638 3495 692 3534 nec
713 3476 892 3537 latitudinem
913 3476 1022 3536 habens
1042 3494 1096 3535 nec
1113 3477 1207 3551 longi-

160 3576 299 3648 tudinem,
316 3596 377 3636 non
395 3576 518 3635 absurde
538 3576 655 3653 ponitur
678 3577 714 3635 de
735 3595 770 3635 ea
792 3576 990 3652 magnitudine
1013 3592 1088 3650 quae
1108 3585 1206 3651 utpote

162 3677 282 3733 minima
296 3676 319 3734 si
334 3677 415 3748 absit,
431 3676 504 3752 fugit
519 3695 564 3734 res
579 3676 681 3736 oculos
696 3695 750 3734 nec
765 3677 845 3734 uenit
860 3676 889 3732 in
903 3685 1100 3750 conspectum.
