2760 4448
238 253 258 315 6
549 262 698 313 Narras
717 261 969 312 MANILJANAE

279 442 303 501 Ι.
319 442 459 518 331-336
474 440 515 499 sic
529 448 629 498 extant
641 439 671 498 in
689 438 805 499 Gembl.

361 540 534 615 Serpentem
555 539 671 614 magnis
693 538 847 615 Ophiucus
868 539 988 597 nomine
1009 537 1100 614 signis

360 637 470 697 Diuidit
491 647 577 716 atque
597 631 685 696 etiarn
706 645 769 695 toto
789 638 894 713 ingens
915 654 1038 714 corpore
1059 652 1165 712 corpus

359 735 494 878 Elredlldet
515 810 543 860 ct
555 798 592 880 (1)
612 799 708 858 nodos
728 800 900 877 sinuataque
921 809 1001 877 terga
1022 818 1074 877 per
1094 800 1181 866 orbes

360 900 491 976 Respicit
512 899 559 958 ille
580 910 678 958 tamen
699 898 779 958 molli
799 900 910 958 ceruice
933 899 1056 958 reflexus

280 1015 338 1076 335
360 999 398 1058 Et
419 998 498 1057 dedit
519 997 617 1058 effusis
637 1012 690 1073 per
710 995 777 1055 laxa
797 998 946 1057 uolumina
967 997 1072 1074 palmis

362 1097 482 1173 Semper
502 1097 554 1154 erit
574 1096 690 1172 paribus
711 1095 819 1155 bellum
840 1097 908 1173 quia
929 1097 1037 1155 uiribus
1058 1103 1193 1172 aequant.

281 1216 336 1272 331
363 1195 536 1272 Serpentem
561 1193 790 1254 Graiis—dictus
817 1193 911 1253 Bentl.
940 1214 978 1255 an
1005 1191 1287 1270 Magnes—dictus?

239 1315 296 1371 33²
313 1305 342 1354 et
352 1295 410 1352 iam
425 1303 487 1353 toto
501 1301 653 1368 urgentem
669 1291 830 1371 (ingentem
848 1291 915 1352 Cur.
932 1290 1028 1372 Vessff)
1042 1292 1143 1352 Curet
1159 1291 1293 1350 Vossz'am'

237 1404 267 1454 et
288 1404 351 1471 toto
371 1401 551 1468 mergentem
565 1391 597 1449 bo
618 1400 705 1466 atque
727 1391 815 1449 etiam
836 1400 898 1451 toto
919 1392 1023 1468 ingens
1037 1390 1181 1449 Bentlez'us
1199 1399 1288 1466 atque

236 1494 339 1568 ingens
354 1491 465 1568 ingenti
478 1487 642 1547 Doruillz'us
655 1489 696 1546 ad
712 1488 824 1560 Cleare't.
832 1500 864 1567 p.
882 1509 948 1567 ²13·
985 1510 1043 1566 333
1066 1488 1200 1566 Explicat
1221 1487 1288 1547 Vos-

235 1593 356 1650 sabaiet
372 1609 387 1648 o
404 1588 539 1664 Explicet
553 1588 569 1646 b
583 1586 727 1662 Expliciet
745 1587 877 1647 Caranus
896 1599 927 1648 ut
940 1591 1041 1647 codz'ces
1049 1595 1165 1665 praeter
1181 1585 1288 1645 Gembl.

238 1708 296 1764 334
312 1688 451 1748 reflexsus
465 1686 533 1746 Cur.
577 1699 635 1761 335
650 1684 689 1743 Et
701 1686 778 1744 dedit
789 1705 879 1745 omnes
893 1688 1011 1764 expedit
1021 1686 1151 1762 Scaliger
1164 1685 1202 1744 Et
1213 1685 1289 1745 redit

236 1782 622 1846 BentleiusExsilitIucobus
665 1804 732 1842 num
743 1784 880 1844 Exseriti
913 1785 1105 1845 elusisBenll.
1135 1788 1193 1860 336
1204 1783 1288 1843 Num

236 1905 321 1963 separ
341 1885 384 1943 it?
406 1903 445 1941 an
465 1901 566 1958 separe
588 1883 661 1940 erit?
686 1890 719 1940 ut
738 1901 841 1960 separe
861 1885 1023 1947 aduertam
1040 1887 1097 1943 sit:
1120 1883 1156 1943 cl.
1171 1883 1287 1960 dispare

236 1994 281 2060 ap.
295 1985 410 2042 Petron.
426 1980 457 2041 S.
474 2000 520 2055 49.
562 1980 607 2039 Ae
620 1980 740 2057 Semper
754 1982 806 2041 erit
820 1985 945 2042 recurrit
956 1983 979 2041 I.
996 1998 1063 2060 599.

277 2081 375 2142 Locus
395 2099 430 2139 ex
453 2079 634 2151 difficillimis,
650 2098 704 2138 nec
726 2082 764 2138 ab
785 2081 844 2141 ullo
866 2092 992 2142 sanatus.
1035 2081 1094 2141 Sed
1117 2079 1286 2141 conferendi

235 2191 319 2242 erant
332 2197 435 2239 uersus
449 2178 599 2243 Ciceronis
614 2178 650 2236 de
664 2176 704 2237 N.
720 2177 756 2237 D.
772 2180 799 2237 ii.
815 2198 863 2251 42.
882 2199 937 2256 109

358 2277 457 2350 Quem
479 2276 558 2336 claro
578 2276 733 2353 perhibent
755 2277 941 2354 Ophiuchum
962 2280 1082 2339 nomine
1104 2279 1194 2339 Graii.

360 2377 419 2435 Hic
439 2393 540 2452 pressu
562 2374 671 2450 duplici
691 2375 853 2451 palmarum
874 2378 1004 2437 continet
1025 2380 1163 2455 Anguem

357 2474 455 2551 Atque
476 2474 539 2532 eius
560 2473 622 2549 ipse
644 2484 743 2533 manet
763 2475 898 2551 religatus
919 2495 1041 2554 corpore
1063 2486 1148 2536 torto.

291 2603 294 2608 ·
359 2572 496 2650 Namque
516 2572 611 2629 uirum
631 2572 760 2631 medium
782 2592 902 2650 serpens
924 2577 978 2634 sub
999 2585 1118 2653 pectore
1140 2576 1240 2652 cingit.

358 2670 412 2730 Ille
433 2681 533 2729 tamen
553 2670 647 2728 nitens
668 2672 793 2747 grauiter
813 2674 934 2749 uestigia
954 2675 1044 2750 ponit,

358 2770 456 2844 Atque
477 2768 579 2828 oculos
600 2779 704 2845 urguet
725 2770 848 2846 pedibus
868 2784 1028 2849 pectusque
1049 2772 1154 2850 Nepai.

236 2871 303 2930 Hos
322 2868 483 2945 respexisse
503 2867 573 2925 mihi
593 2867 730 2928 Manilius
751 2869 880 2942 uidetur;
905 2890 1061 2932 commune
1082 2873 1162 2932 enim
1175 2872 1286 2932 habent

235 2985 304 3050 cum
319 2985 356 3026 eo
369 2968 414 3025 ille
428 2978 526 3037 tamen,
542 2968 676 3043 quamuis
693 2968 750 3028 alio
765 2971 854 3029 uerba
873 2968 1010 3030 Manilius
1028 2972 1186 3044 detorserit,
1203 2982 1232 3031 et
1246 2974 1286 3032 ad

234 3067 380 3142 Anguem,
395 3083 456 3124 non
471 3064 509 3123 ad
524 3063 709 3142 Ophiuchum
724 3068 857 3127 retulerit.
902 3069 959 3129 Sed
977 3080 1075 3129 tamen
1095 3072 1285 3130 confirmatur

233 3164 303 3223 hinc
319 3163 460 3222 sententia
475 3181 577 3223 eorum
598 3165 648 3241 qui
668 3175 736 3240 post
748 3165 876 3241 Respicit
895 3169 1117 3242 distinctionem,
1134 3152 1203 3229 non⁴
1217 3181 1285 3247 post

234 3263 311 3323 orbes
321 3261 467 3320 fecerunt:
490 3261 566 3320 unde
580 3261 701 3322 Bentleii
716 3265 881 3326 emendatio
891 3265 936 3324 El
948 3269 1027 3339 redit,
1040 3269 1147 3347 alioqui
1162 3269 1286 3330 fortasse

234 3361 381 3438 placitura,
396 3360 588 3419 abiudicanda
602 3371 654 3420 est.
696 3362 755 3422 Sed
775 3382 830 3423 nec
851 3364 984 3425 Doruillii
1006 3367 1173 3427 coniectura
1187 3370 1285 3445 ingens

233 3460 345 3536 tergenti
355 3458 478 3516 multum
488 3458 574 3517 habet
585 3478 602 3517 a
613 3460 765 3520 codicibus
775 3464 927 3536 praesidii:
943 3465 1113 3543 uideturque
1123 3467 1194 3525 mihi
1206 3478 1285 3528 recte

234 3557 360 3617 Iacobus
377 3556 407 3614 id
428 3557 551 3616 edidisse
566 3559 646 3635 quod
666 3559 752 3618 habet
766 3560 941 3622 Vossianus‘l
954 3571 981 3621 et
999 3567 1057 3623 ziam
1075 3573 1127 3623 loto
1143 3573 1285 3642 urgentem

233 3666 346 3731 corpore
375 3665 484 3731 corpus,
509 3674 576 3715 cum
603 3675 689 3733 aegre
711 3659 780 3718 satis
799 3663 948 3721 commodi
970 3682 1073 3723 sensus
1093 3665 1222 3724 eliciatur
1247 3685 1283 3724 ex

235 3751 349 3812 Gembl.
363 3760 445 3829 atquc
460 3756 540 3813 elram
558 3762 610 3814 toto
626 3758 722 3834 urgens
740 3779 762 3815 c.
776 3770 883 3834 corpur,
900 3761 979 3820 nihili
997 3773 1094 3822 autem
1116 3764 1152 3822 sit
1170 3764 1242 3824 illud
1261 3772 1288 3823 et

234 3856 288 3908 toto
308 3860 468 3926 mergentem
486 3873 508 3909 c.
524 3875 547 3913 c.
592 3853 723 3931 Sequens
744 3875 846 3917 uersus
863 3859 952 3917 tribus
971 3861 1065 3919 modis
1085 3863 1171 3921 scribi
1191 3865 1285 3939 potuit
