2760 4448
682 290 712 344 V
726 312 731 321 =
1152 277 1214 361 185

162 451 307 529 pluralem
323 453 441 529 fingent
457 450 495 511 ad
516 471 597 512 aram
618 471 685 513 cum
708 453 795 513 stellis
814 471 879 513 eam
899 451 1091 530 figurantibus
1109 449 1216 509 referri.

167 550 191 610 Ι.
214 570 271 626 432
297 556 363 609 tnnc
386 550 514 627 Iuppiter
534 571 604 610 arae
628 551 732 611 Sidera
756 555 903 622 constituit,
925 571 994 628 quae
1017 569 1091 608 nunc
1113 567 1216 624 qnoque

168 651 298 708 niaxirna
313 650 443 726 fulgent.
483 651 577 710 Aliter
598 651 724 710 Iacobus
746 662 775 710 et
796 651 916 711 sortasse
940 649 1052 708 uerius:
1083 648 1215 706 ‘liberius

167 747 332 806 orationem
347 760 458 807 struens
471 748 545 808 redit
559 749 597 808 ad
611 750 804 809 intermissam
818 768 845 808 u.
862 768 922 824 340
937 747 1213 824 interrogationem:

168 842 249 915 Quid
264 855 345 905 ortus
359 847 435 906 Arae
449 845 595 925 fingentl'

208 941 259 1003 ‘V·
275 943 429 1023 3498(1(1·1

292 1059 433 1132 Quattuor
452 1065 587 1139 appositas
610 1062 769 1122 Centaurus
783 1062 918 1139 partebus
938 1061 1018 1139 effert

288 1158 403 1232 Sidera,
424 1168 451 1219 et
469 1181 508 1220 ex
529 1164 589 1238 ipso
610 1181 698 1220 mores
719 1162 893 1220 nascentibus
914 1161 1002 1218 addit.

288 1258 354 1316 Aut
372 1261 492 1318 steneulis
512 1263 603 1336 †ogit
621 1263 739 1319 antoniis
760 1263 916 1336 mentesque
936 1258 1046 1334 rugabit

291 1354 400 1415 Semina
419 1360 616 1435 quadrupedes,
635 1367 688 1417 ant
706 1379 795 1416 curru
817 1360 914 1417 celsior
934 1359 993 1427 ibit,
1014 1362 1061 1414 etc.

208 1477 252 1539 Le
274 1499 338 1540 vers
364 1496 420 1556 351
448 1492 492 1541 est
513 1481 609 1541 altere.
661 1481 746 1542 Nous
770 1500 862 1542 avons
886 1480 986 1541 donne
1011 1480 1040 1539 la
1064 1479 1149 1556 lepon
1174 1475 1213 1537 du

165 1577 389 1638 Gemblacensis
398 1599 406 1651 ;
431 1579 458 1639 le
472 1579 634 1639 Vossianus
649 1581 663 1639 I
680 1591 709 1639 et
727 1581 754 1640 le
769 1581 904 1640 Cusanus
922 1588 1057 1657 portent:
1084 1579 1148 1653 agit
1164 1581 1217 1635 aut

166 1695 280 1745 ornnes,·
301 1677 328 1736 le
347 1676 522 1755 Lipsiensis:
544 1681 668 1755 agitauit
682 1687 734 1737 aut
749 1681 818 1738 oriris
832 1679 897 1758 (aui
912 1699 930 1738 a
948 1677 993 1737 ete
1008 1674 1171 1754 exponetue
1186 1685 1214 1734 et

167 1792 207 1831 un
227 1795 241 1832 e
262 1794 279 1834 a
300 1773 344 1834 ete
366 1775 436 1835 ecrit
457 1777 609 1837 au-dessus
632 1777 668 1836 de
693 1778 727 1836 l'i
749 1779 784 1837 de
809 1774 902 1856 obes);
935 1779 960 1836 le
980 1777 1142 1836 Vossianus
1163 1773 1212 1833 II:

164 1874 278 1941 sternuli
294 1876 422 1949 sagitant
440 1895 537 1947 onns.‚
564 1874 608 1934 La
628 1877 791 1935 correction
814 1877 851 1935 de
876 1875 1012 1952 Bentley:
1043 1874 1106 1932 Hic
1126 1873 1214 1931 mulos

166 1979 231 2048 aget
250 1979 302 2030 aut
318 1991 434 2031 mannos
453 1984 496 2032 est
516 1984 581 2051 trop
599 1973 699 2034 hardie
709 1995 717 2047 ;
742 1976 813 2035 celle
832 1976 869 2035 de
886 1977 994 2035 Iacob:
1014 1974 1078 2034 Aut
1091 1972 1214 2031 str'rnulr‘s

166 2070 290 2146 agitabit
304 2090 373 2128 onus
391 2083 434 2130 est
452 2090 576 2149 presque
598 2073 776 2150 impossible.
810 2074 845 2153 Je
865 2074 995 2150 corrige:
1012 2073 1075 2130 Aut
1091 2071 1214 2129 stimules

167 2187 245 2228 acar
259 2188 339 2228 auru
354 2188 452 2229 nouus,
483 2171 560 2246 Aget
571 2178 635 2230 ante
649 2172 665 2230 i.
676 2192 700 2232 e.
716 2183 783 2249 aget
797 2182 865 2231 ante
880 2190 918 2230 se.
951 2170 996 2230 Cf.
1006 2170 1094 2246 Verg.
1104 2166 1213 2243 Georg.

166 2267 224 2327 Ill.
240 2281 314 2341 552:
336 2269 457 2327 Pallida
475 2269 621 2346 Tespbone
634 2270 755 2329 Morbos
769 2290 839 2331 som
854 2290 932 2330 auru
946 2269 1115 2343 illatumque.

207 2366 329 2442 Ajoutez
360 2367 486 2440 Tibulle,
507 2367 532 2427 1.
558 2388 582 2428 1.
605 2388 661 2445 30:
698 2370 764 2429 Aut
785 2371 897 2429 stimulo
924 2369 1020 2428 tardos
1047 2365 1216 2443 increpuisse

165 2462 264 2524 borres!

207 2561 244 2621 V.
259 2577 399 2639 354-357
415 2564 456 2624 sic
471 2574 570 2624 extant
584 2567 614 2624 in
630 2566 744 2626 Gembl.

288 2679 341 2738 Ille
363 2690 440 2738 tenet
461 2681 573 2740 medias
593 2691 668 2740 artes
690 2683 728 2741 ad
748 2683 881 2742 membra
902 2681 1027 2741 ferarum

287 2776 325 2835 Et
345 2796 407 2837 non
427 2779 541 2838 auditos
562 2791 708 2839 mutarunt
729 2781 828 2840 tollere
847 2782 969 2838 morbos

288 2874 357 2935 Hoc
378 2886 423 2935 est
443 2877 512 2935 artis
533 2896 606 2953 opus
627 2896 688 2936 non
708 2890 861 2955 expectare
882 2877 1026 2956 gementis

207 2987 264 3049 357
288 2974 327 3031 Et
347 2974 401 3033 sibi
423 2993 484 3034 non
505 2994 610 3052 aegros
630 2977 690 3034 iam
711 2977 822 3035 dudum
843 2977 960 3036 credere
981 2993 1095 3052 corpus.

327 3088 387 3149 355
402 3060 498 3133 muta-r
514 3074 582 3133 Cus.
623 3079 682 3151 356
699 3074 765 3136 Hac
787 3073 874 3134 Voss.²

204 3196 288 3255 Olim
321 3197 488 3258 emendarat
518 3198 647 3275 Scaliger
680 3202 808 3272 medz'eas,
836 3208 997 3259 mutarum:
1032 3212 1100 3274 357,
1128 3216 1165 3257 ne
1194 3215 1212 3256 a

164 3295 320 3354 Gronouio
334 3296 451 3372 quidem
467 3309 609 3368 sanatum,
625 3301 665 3358 sic
680 3299 845 3358 refinxerim
860 3299 904 3357 Et
920 3298 1041 3357 sibinen
1054 3316 1138 3372 aegro
1153 3297 1211 3353 eane

163 3394 266 3452 dudum
281 3396 387 3453 credere
397 3407 503 3472 corpus,
513 3394 541 3453 h.
551 3415 576 3455 e.
585 3403 611 3454 el
622 3416 738 3473 aegrum
748 3409 849 3474 corpus
859 3401 916 3456 eane
927 3398 1030 3455 dudum
1041 3416 1094 3454 non
1106 3396 1212 3452 credere

164 3511 250 3569 aegro
263 3494 325 3564 sabi,
340 3513 414 3570 quae
435 3504 478 3553 est
493 3513 539 3553 ars
558 3495 664 3554 medici
675 3496 812 3568 maxima,
827 3508 858 3555 ut
874 3497 932 3555 iam
952 3495 1110 3570 aegrotanti
1130 3494 1211 3570 prius

163 3602 312 3649 succurrat
326 3610 415 3669 quam
429 3593 543 3652 relictus
559 3593 612 3651 sibi
627 3596 745 3653 morbus
759 3595 911 3653 inualuerit
922 3613 976 3652 nec
986 3592 1102 3651 medico
1113 3592 1211 3651 locum

164 3690 287 3750 sanandi
306 3692 451 3769 praebeat.
489 3691 546 3751 Sed
560 3711 659 3752 rursus
673 3693 778 3752 haereo
794 3693 823 3750 in
838 3703 978 3752 structura
992 3690 1210 3761 infinitiuorum‚

464 3913 475 3947 ¹
493 3914 564 3968 Haec
575 3916 606 3966 ad
619 3931 658 3967 me
669 3916 736 3968 misit
748 3916 903 3968 Thomasius
