2760 4448
266 279 329 357 148
580 291 729 340 moeres
749 290 998 339 nnnrernnnr

309 489 366 551 779
395 493 470 548 rura,
496 478 532 534 ‘a
559 495 598 535 ex
622 495 696 535 corr.
715 486 761 552 pr.
783 475 828 533 n.’
853 475 1028 534 Homereas.
1073 476 1131 550 780
1153 473 1318 532 Tirrhenos

274 573 359 633 Voss.2
401 575 518 633 Tirenis
539 574 668 633 eradiat
692 572 777 632 Voss.²

307 670 488 731 Bentleium¹
499 671 546 731 hic
561 674 620 732 ueri
635 684 748 749 partem
762 672 867 730 uidisse
885 689 953 731 cum
967 670 1125 746 Cyrenaeas
1138 671 1239 730 herbas
1254 689 1317 729 cre-

264 769 344 828 deret
365 771 395 828 in
413 771 569 828 Tln‘rrenas
590 771 678 830 latere
697 769 782 829 ualde
801 781 845 829 est
865 770 1025 847 probabile,
1040 788 1094 828 nec
1115 770 1242 828 multum
1264 770 1316 828 ab·

265 868 361 927 horret
380 887 397 927 a
418 888 488 928 uero
506 869 626 943 Cyrenes
647 871 776 927 lacrimis
789 868 976 927 scribendum
995 886 1067 938 esse,
1083 869 1174 927 modo
1198 868 1319 926 Pindari

264 969 431 1026 memineris
446 968 494 1043 qui
509 969 539 1025 in
554 986 635 1026 nono
650 966 856 1044 Pythiacorum
871 967 1034 1025 carminum
1047 965 1174 1025 fabulam
1186 967 1318 1043 Cyrenes

265 1065 412 1124 adornans
433 1066 519 1124 tradit
540 1085 615 1137 earn,
630 1067 714 1141 uirgo
732 1084 799 1124 cum
819 1074 895 1124 esset
915 1074 1022 1123 uenatu
1043 1064 1175 1140 gaudens
1194 1074 1222 1122 et
1241 1064 1318 1122 lecto

265 1163 383 1236 caelibe,
398 1165 436 1222 ab
450 1163 585 1241 Apolline
600 1173 727 1222 amatam
742 1174 770 1222 et
788 1182 805 1222 a
823 1163 922 1222 Peneo
937 1162 1025 1220 natali
1039 1163 1069 1220 in
1083 1162 1209 1239 Libyam
1223 1173 1317 1221 trans·

263 1270 378 1321 nectam
389 1263 429 1321 ibi
439 1272 529 1320 terrae
538 1264 704 1338 portionem
714 1263 869 1339 accepisse.
891 1262 1017 1337 Pythix.
1024 1276 1061 1335 55
1073 1267 1118 1318 νῦν
1127 1262 1149 1317 δ’
1161 1262 1320 1334 εὐρυλείμων

263 1364 355 1418 πότνιά
369 1385 413 1417 σοι
426 1361 509 1426 Λιβύα
523 1363 630 1434 Δέξεται
644 1363 735 1417 εὐκλέα
754 1362 856 1433 νύμφαν
874 1363 990 1431 δώμασιν
1003 1363 1031 1416 έν
1043 1361 1166 1434 χρυσέοις
1177 1364 1316 1435 πρόφρων.

263 1459 304 1516 ἵνα
318 1463 342 1516 αἶ
355 1461 448 1532 χθονὸς
461 1457 539 1516 αἶσαν
552 1462 647 1516 Αὐτίκα
664 1461 828 1516 συντελέθειν
841 1461 945 1529 ἔννομον
958 1458 1102 1532 δωρήσεται
1116 1463 1182 1513 Οὔτε
1203 1462 1318 1531 παγκάρ·

263 1583 320 1615 πων
333 1562 423 1630 φυτῶν
436 1557 554 1628 νήποινον
567 1557 621 1613 οὔτ’
636 1559 736 1633 ἀγνῶτα
750 1559 842 1630 θηρῶν.
885 1555 980 1614 Schol.
995 1555 1074 1615 Arat.
1087 1555 1257 1615 Germanici
1271 1557 1317 1614 ed.

264 1655 385 1731 Breysig
406 1674 435 1731 p.
451 1658 488 1713 86
510 1675 587 1730 quern
603 1651 792 1735 (Arestaeurn)
806 1655 908 1731 Apollo
911 1655 1016 1730 fertur
1028 1674 1067 1713 ex
1083 1653 1190 1730 Cyrene
1203 1665 1317 1730 procre-

263 1774 332 1825 asse,
354 1772 437 1828 qaarn
461 1756 622 1830 compressit
643 1755 674 1811 e‘n
698 1762 784 1812 monte
808 1752 915 1828 Orpheo
938 1755 990 1828 qui
1010 1752 1128 1828 Cyrenis
1148 1754 1316 1828 appellatur.

266 1847 324 1907 Sed
337 1869 418 1908 arces
430 1862 600 1927 corruptum
614 1861 712 1928 aperte
727 1861 779 1922 est,
795 1869 863 1910 cum
880 1853 937 1925 778
953 1849 1030 1908 idem
1044 1851 1224 1909 uocabulum
1238 1871 1318 1909 arces

262 1946 416 2006 exhibeat:
447 1967 501 2007 nec
523 1950 679 2026 quisquam
700 1950 795 2008 adhuc
817 1949 947 2008 ostendit
967 1967 1027 2024 quo
1052 1967 1138 2006 sensu
1161 1951 1259 2007 Erue‘t
1283 1951 1318 2007 sit

264 2046 400 2122 positum.
435 2046 502 2123 Ego
513 2047 611 2105 locum
624 2049 664 2106 sic
673 2048 878 2122 corrigendum
887 2057 967 2123 puto,
975 2048 1086 2105 radiata
1097 2045 1232 2123 Scorpius
1246 2068 1318 2106 areu

262 2144 371 2215 Exuet,
380 2146 571 2221 interpretans
586 2145 621 2204 de
633 2146 723 2204 nimio
736 2146 832 2204 calore
841 2147 994 2222 regionum
1006 2144 1189 2222 Carthaginis
1205 2146 1316 2223 Libyae

262 2243 389 2320 Aegypti
424 2243 563 2319 Cyrenes,
584 2223 704 2320 propter
731 2262 820 2321 quem
855 2245 906 2320 qui
941 2244 980 2301 ibi
1014 2244 1119 2303 uiuunt
1148 2245 1236 2304 radiis
1267 2246 1316 2304 icti

247 2341 434 2417 ¹Scorpionis
458 2351 570 2401 exuunt
598 2361 630 2401 se
657 2344 796 2413 uestibus
824 2343 911 2400 nudis
939 2342 1110 2417 corporibus
1137 2343 1315 2404 incedentes.

262 2439 388 2497 Radrata
409 2459 480 2497 aren
500 2439 640 2498 Manilius
661 2441 697 2499 de
717 2439 876 2517 Scorpione
897 2441 1016 2517 proprie
1035 2443 1194 2516 usurpauit,
1216 2443 1315 2501 habita

263 2539 372 2597 ratione
393 2539 502 2597 caudae
529 2539 675 2597 curuantis
697 2557 728 2598 se
749 2538 779 2596 in
801 2557 910 2598 arcum.
955 2537 1051 2597 Gloss.
1078 2538 1212 2617 Phillipp.
1235 2544 1313 2614 4626

261 2636 421 2695 Arcuatum
431 2639 535 2694 uulnus
548 2639 652 2695 dr'ce'tur
664 2637 686 2696 i.
696 2642 844 2695 currentum
858 2638 933 2712 quod
943 2657 961 2694 a
977 2638 1067 2695 cauda
1080 2640 1237 2713 scorpionis
1246 2659 1315 2716 quae

261 2754 352 2792 carna
366 2743 407 2792 est
418 2735 567 2812 infligitur.

306 2828 406 2912 [Haec
420 2843 452 2891 ut
463 2833 562 2909 scripsi
576 2851 655 2891 anno
669 2835 755 2908 1889,
766 2831 807 2891 sic
821 2831 931 2910 reliqui,
942 2850 1003 2891 uno
1017 2842 1128 2892 mutato
1140 2833 1220 2910 quod
1234 2834 1315 2911 prius

263 2932 502 2990 radentes—axes
529 2948 693 3007 posueram.
738 2930 852 2989 Interea
880 2930 978 2989 locum
1006 2941 1035 2990 et
1063 2931 1259 3008 Rossbergius
1287 2945 1314 2993 et

262 3028 409 3088 Breiterus
436 3038 600 3100 tractarunt,
629 3027 708 3089 Nou.
729 3028 835 3086 Annal.
859 3027 960 3087 Philol.
986 3032 1062 3104 1889
1088 3049 1139 3107 pp.
1162 3045 1314 3107 για-7η,

263 3126 414 3199 853-855.
456 3123 555 3182 Ambo
583 3141 700 3182 mecum
730 3123 760 3180 in
788 3121 844 3182 hoc
873 3125 1055 3182 consentiunt
1083 3125 1164 3201 quod
1195 3125 1316 3200 Cyrenes

262 3222 446 3299 scripserunt,
459 3219 623 3280 Bentleium
645 3221 752 3280 secuti:
775 3221 826 3279 sed
841 3220 1035 3298 Rossbergius
1055 3223 1085 3279 in
1099 3242 1179 3282 arces
1193 3226 1315 3284 credidit

263 3323 381 3380 subesse
406 3341 478 3392 acer,
500 3321 596 3379 adlato
621 3319 687 3379 loco
706 3320 786 3377 Arati
812 3338 869 3391 402
894 3320 937 3376 ὑπ’
959 3320 1083 3396 αι’θομένιρ
1106 3321 1201 3398 κέντρῳ
1226 3324 1316 3396 τέραοτ

261 3423 384 3495 μεγαλοιο
419 3421 562 3492 Σκορπίουε
601 3418 722 3493 Cyrenes
756 3419 884 3476 laerr'rrn's
925 3418 1129 3494 interpretatur
1162 3420 1315 3480 lacrimam

262 3518 451 3595 Cyrenaicum
477 3517 538 3576 siue
564 3517 714 3593 laserpicii,
739 3533 799 3591 quo
823 3517 925 3574 donata
949 3516 1011 3575 siue
1037 3517 1135 3576 dotata
1160 3519 1218 3577 sint
1240 3540 1316 3579 rura

295 3693 303 3723 ¹
321 3695 442 3744 Dorothei
454 3694 540 3758 fragm.
556 3707 584 3755 13
603 3694 628 3742 in
646 3693 801 3743 Koecbliana
818 3694 856 3744 ed.
869 3694 1028 3744 Manethonis
1044 3694 1316 3759 Apotelesmaticorum

261 3761 390 3824 (Teubner
402 3760 475 3822 1858)
488 3759 564 3821 κλίμα
581 3758 689 3823 Κυρήνης
700 3759 745 3807 ὑπὸ
753 3760 850 3822 Χρλαΐς,
859 3757 949 3822 Ἰταλίη
961 3759 1028 3823 χώρη
1040 3778 1068 3807 τε
1080 3759 1149 3808 τέλει
1160 3760 1317 3825 πλάστιγγος

263 3828 302 3874 ὑπ’
313 3825 392 3875 αὐτάς.
428 3827 480 3876 Hic
491 3827 586 3888 Cyrene
597 3842 647 3874 non
658 3825 762 3888 Scorpio
773 3825 895 3885 tribuitur,
905 3826 947 3875 sed
960 3825 1058 3876 Librae.
1092 3826 1242 3892 Plerumque
1253 3829 1317 3879 inter

261 3892 418 3943 Dorotheum
430 3899 454 3942 et
467 3891 599 3942 Manilium
611 3892 674 3941 mira
685 3898 721 3941 est
734 3891 868 3941 consensio,
