2760 4448
615 304 645 354 V
714 348 716 352 .

140 465 177 523 V.
194 466 336 538 404-406

221 563 287 623 Nec
308 581 423 641 semper
443 562 517 622 tanti
537 580 648 622 merces
669 571 713 622 est
734 580 826 639 parua
846 562 961 636 laboris,

222 661 367 721 Censibus
389 672 549 739 aequantur
569 660 709 733 conchae,
732 660 950 739 †rapidumque
971 661 1065 721 notari

220 759 280 818 Vix
301 761 455 838 quisquam
476 772 520 819 est
540 758 685 835 locuples:
714 769 850 818 oneratur
870 768 946 819 terra
966 758 1121 836 profundo.

99 873 158 934 405
170 859 265 919 notari
277 858 381 919 Gembl.
392 858 460 918 Cur.
477 855 560 918 Voss.¹
572 878 587 916 0
598 858 694 918 notori
705 855 736 936 (o
747 858 844 936 dubz’rr)
861 857 1146 935 Vors.²notoriL1pr.

97 976 134 1015 m.
137 967 188 1032 pr.
213 958 273 1030 406
283 956 342 1015 Vix
356 974 497 1034 umquam
511 956 617 1017 Gembl.
628 957 757 1015 secundo
772 954 913 1028 Caranus,
924 976 990 1014 num
1000 958 1146 1016 secando?

140 1055 297 1132 ingeniose
316 1053 495 1115 Doruillius¹
510 1055 549 1114 ad
563 1055 712 1115 Chariton.
726 1074 755 1131 p.
771 1067 827 1131 531
845 1055 942 1114 locum
958 1055 999 1114 sic
1013 1056 1145 1117 refinxit:

98 1154 274 1230 lapidumque
287 1156 376 1213 nelori
393 1155 452 1214 Vix
465 1157 612 1230 quisquam
626 1161 667 1212 est
677 1154 802 1230 locuples,
817 1152 873 1213 hac
892 1173 960 1213 cum
977 1155 1146 1232 interpreta-

98 1255 178 1313 tione
192 1258 297 1313 ‘nemo
312 1253 386 1312 adeo
400 1252 483 1312 diues
498 1253 557 1311 iam
570 1264 623 1323 est,
634 1264 666 1312 ut
680 1253 852 1328 margaritas
866 1263 895 1311 et
908 1271 1041 1328 gemmas
1054 1254 1146 1330 possit

98 1370 202 1424 emere,
212 1362 304 1411 terrae
318 1371 380 1412 non
391 1352 500 1429 babent
510 1362 623 1411 tanturn
634 1351 696 1411 auri
706 1362 735 1410 et
744 1351 855 1427 argenti
866 1351 897 1408 in
908 1352 967 1409 suis
976 1352 1144 1425 uisceribus,

98 1460 129 1508 ut
150 1451 242 1526 pretia
261 1468 444 1527 gemmarum
465 1460 494 1509 et
514 1452 662 1521 bacarum,
681 1469 718 1507 cx
740 1450 829 1508 maris
850 1448 996 1526 profundo
1018 1459 1146 1525 protrac-

98 1559 201 1618 tarum,
226 1547 406 1626 adaequent?
449 1549 615 1626 Simplicius
643 1558 743 1606 tamen
768 1548 810 1606 sic
834 1555 964 1623 poterat:
1000 1547 1145 1607 interdum

99 1665 237 1723 magnam
251 1647 415 1706 mercedem
429 1647 537 1706 laboris
552 1647 596 1704 sui
609 1647 772 1704 urinatores
790 1645 931 1717 auferunt,
947 1646 1018 1704 dum
1032 1664 1146 1723 marga-

98 1746 166 1804 ritas
194 1746 298 1804 tollunt
325 1747 400 1804 adeo
428 1746 553 1823 ingentis
576 1745 659 1822 pretii
681 1754 713 1804 ut
737 1746 804 1804 totis
828 1746 963 1804 censibus
985 1758 1146 1822 aequentur

99 1841 257 1922 (equalling
273 1844 304 1902 in
319 1844 400 1904 value
415 1863 454 1903 an
468 1846 559 1903 entire
575 1841 714 1922 income),
730 1862 797 1903 cum
816 1862 999 1919 gemmarum
1014 1855 1146 1920 sumptus

99 1960 133 2001 ac
154 1944 246 2019 pretia
267 1962 304 2002 ne
323 1943 565 2020 locupletissimus
580 1942 699 2019 quidem
718 1942 880 2019 adaequare
901 1942 1001 2018 possit.
1044 1941 1146 2001 Restat

98 2051 198 2100 tamen
213 2042 353 2102 dubitatio
368 2061 440 2100 num
460 2043 501 2101 sic
520 2042 648 2124 dicturus
662 2051 749 2118 poeta
763 2041 856 2100 fuerit.
900 2040 1038 2117 Suspicor
1052 2045 1150 2100 notari

98 2157 134 2199 ex
163 2142 273 2198 uolanti
297 2141 487 2217 deprauatum
518 2159 589 2213 esse,
618 2140 750 2215 rapzilum
782 2157 818 2197 ex
849 2140 986 2214 lapidem:
1020 2139 1145 2216 lapidem

98 2240 210 2298 notanti
239 2256 327 2297 nemo
354 2248 399 2298 est
427 2239 565 2314 locuples,
588 2237 616 2296 h.
637 2258 661 2297 e.
683 2237 707 2295 si
729 2237 794 2313 quis
815 2237 908 2315 pretia
932 2238 1072 2296 bacarum
1095 2257 1145 2297 ex-

98 2336 239 2413 penderit,
254 2337 401 2395 neminem
416 2336 589 2412 locupletem
604 2335 788 2394 existimabit.

140 2433 214 2493 Mox
242 2435 322 2511 quod
349 2436 380 2492 in
409 2434 478 2494 Cus.
507 2435 605 2493 inueni
633 2435 748 2492 secundo
776 2433 891 2492 uidetur
918 2449 982 2491 esse
1010 2436 1149 2495 secando:

99 2551 233 2609 gemmae
261 2533 340 2591 enim
367 2532 416 2591 fila
443 2533 633 2609 poliebantur,
657 2542 689 2590 ut
717 2533 813 2608 topazi
838 2531 911 2589 Plin.
936 2532 1042 2589 xxxvii.
1071 2551 1145 2608 109:

99 2631 240 2689 sententia
254 2631 324 2690 erit:
345 2641 441 2689 tantus
455 2632 508 2689 erit
517 2641 677 2707 prouentus
692 2647 874 2706 gemmarum
888 2648 925 2687 ex
940 2629 1014 2687 mari
1028 2641 1059 2688 ut
1069 2639 1146 2690 terra

98 2730 191 2806 impar
212 2730 247 2788 sit
267 2729 360 2788 labori
380 2748 430 2788 eas
450 2729 587 2806 poliendi.
636 2728 695 2788 Sed
716 2728 808 2787 multo
827 2727 931 2786 melius
947 2727 1062 2788 Gembl.
1073 2740 1144 2805 pro-

84 2830 193 2906 funde.

139 2927 176 2984 V.
192 2945 331 2999 420-422
349 2926 390 2985 sic
405 2935 506 2985 extant
519 2925 549 2984 in
564 2924 682 2984 Gembl.

220 3024 300 3084 Nam
320 3024 400 3084 uelut
422 3025 483 3101 ipse
505 3024 568 3083 citis
589 3024 746 3102 perlabitur
767 3041 894 3100 aequora
915 3025 1021 3101 pennis

219 3123 308 3183 Nunc
330 3142 478 3182 summum
500 3123 636 3182 scindens
656 3123 786 3200 pelagus,
808 3140 887 3181 nunc
907 3122 966 3182 alta
986 3122 1123 3201 profundi

219 3222 259 3282 Et
279 3223 397 3282 senibus
417 3223 494 3281 uires
516 3222 602 3280 sumit
623 3221 806 3297 fructumque
827 3221 940 3297 figurat.

138 3319 215 3380 Mire
229 3321 276 3380 hic
290 3321 378 3381 errori
389 3321 524 3380 codicum
535 3321 653 3379 obuiam
665 3321 687 3378 it
694 3317 795 3378 Voss.2
805 3321 854 3396 qui
868 3330 935 3396 post
949 3330 1098 3378 exaratum
1114 3321 1143 3378 in

96 3421 163 3480 loco
175 3438 228 3479 suo
239 3439 267 3478 u.
278 3439 335 3492 422
351 3419 395 3478 Et
406 3419 515 3478 senibus
529 3422 605 3477 uires
618 3420 1002 3496 sumetfluctumquefigurot
1013 3418 1144 3478 eiusdem

95 3521 222 3598 primam
240 3528 352 3597 partem
371 3530 439 3597 post
457 3533 515 3595 425
536 3519 724 3578 coniunctam
743 3535 810 3576 curn
827 3518 885 3576 fine
900 3535 959 3589 424
974 3515 1032 3576 hoc
1051 3519 1143 3578 modo

95 3619 211 3677 iterauit

218 3716 257 3775 Et
278 3716 380 3793 seniby
401 3717 462 3776 uire
483 3716 599 3775 sonabit
620 3734 696 3793 aqua
716 3733 794 3773 nunc
814 3732 922 3792 equore
944 3732 1062 3786 mersas,

128 3871 139 3902 ¹
155 3872 227 3922 Idem
243 3879 299 3922 ante
315 3871 468 3921 Domillium
479 3870 615 3920 Withofius
631 3871 657 3921 in
673 3887 717 3921 ora
731 3869 846 3920 editionis
858 3887 916 3920 suae
927 3870 1057 3921 adnotarat
1068 3886 1143 3933 anno,

95 3938 312 4002 ntuidetur,1717
326 3938 442 4002 <Iacobus
454 3937 532 3988 Praei.
544 3939 598 4001 xv).
