2760 4448
447 303 501 351 AD
524 303 600 352 ARA
606 303 631 351 T
628 304 678 351 EA
706 302 887 352 GERMANI
887 303 925 351 CI
1150 305 1212 373 245

164 473 193 521 et
206 472 327 522 uocatur
342 460 504 538 Hesperus.
545 463 648 540 Itaque
665 463 732 520 haec
751 475 787 537 73
805 462 924 522 refertur
944 461 981 521 ad
1003 481 1038 521 ea
1058 481 1133 540 quae
1155 463 1213 521 iam

164 561 405 619 commemorauit
421 559 562 640 (50-72):
584 564 650 619 haec
670 564 706 635 76
728 561 764 619 ad
785 580 820 618 ea
839 579 915 637 quae
934 578 1004 620 mox
1024 561 1151 620 dicturus
1171 570 1215 621 est

163 656 321 738 (77-109).
364 659 391 717 A
408 671 444 734 77
460 660 604 737 usquead
622 678 688 734 109,
703 660 753 716 ubi
768 657 960 718 Germanicus
977 669 1106 719 recenset
1120 660 1215 718 uarias

163 766 352 834 tempestates
374 776 449 834 quae
470 776 488 815 a
508 760 674 835 uespertina
687 757 804 816 Venere
824 758 1023 834 expectandae
1044 759 1109 830 sint,
1132 758 1216 835 fingit

164 857 277 916 stellam
307 855 460 915 Romanos
488 856 614 932 adloqui,
644 857 668 914 si
697 865 775 914 recte
803 856 931 914 diuinaui
958 876 1034 914 coma
1062 858 1092 915 in
1120 856 1215 914 Roma

164 955 369 1031 retingendum
383 972 454 1013 esse.
496 953 560 1014 Nec
574 955 662 1014 uideo
677 973 729 1013 cur
743 972 803 1012 non
817 954 873 1013 hoc
888 955 978 1014 modo
996 955 1162 1032 significarit
1177 956 1216 1014 ad

166 1053 320 1111 Romanos
334 1052 407 1111 edici
422 1061 575 1129 praecepta
589 1071 624 1112 ea
639 1052 758 1130 quaein
773 1052 828 1111 hac
842 1063 923 1129 parte
939 1053 1083 1125 carminis,
1094 1055 1216 1112 Aratum

165 1150 311 1222 deserens,
326 1151 495 1210 enuntiauit.
536 1151 711 1227 Ecquonam
731 1153 761 1209 in
780 1151 844 1210 loco
859 1150 962 1210 melius
980 1150 1019 1208 ad
1034 1150 1163 1210 Romam
1184 1169 1216 1210 se

167 1267 361 1308 conuersurus
373 1259 434 1307 erat
447 1250 554 1325 poeta?
579 1249 626 1309 De
637 1249 750 1309 Venere
764 1248 880 1326 planeta
894 1249 985 1308 multa
996 1247 1216 1328 dixit(50-75),

166 1347 258 1406 multa
279 1348 406 1406 dicturus
426 1356 470 1406 est
487 1346 644 1427 (77-109),
658 1347 708 1407 illa
730 1348 766 1406 de
786 1348 929 1406 matutina
950 1348 1010 1407 siue
1032 1347 1216 1425 Phosphom,

165 1446 239 1505 haec
253 1446 289 1504 de
308 1446 474 1522 uespertina
493 1447 554 1504 siue
575 1445 721 1523 Hespero,
763 1445 932 1522 Hesperum
946 1445 1049 1504 Venus
1063 1456 1131 1505 ante
1144 1447 1217 1506 alios

166 1553 308 1604 astrorum
330 1544 428 1602 dilexit
448 1545 540 1620 igneS,
563 1545 700 1621 Hespero
722 1545 802 1603 iulus
823 1553 1009 1620 comparatur
1030 1563 1048 1603 a
1065 1544 1196 1621 Vergilio
1206 1563 1215 1617 ;

166 1644 237 1721 quid
259 1643 365 1700 mirum
390 1642 473 1701 side
498 1642 635 1719 Hespero
661 1643 747 1702 simul
772 1654 857 1719 atque
883 1642 1040 1701 dicendum
1065 1651 1134 1715 erat,
1154 1643 1218 1719 ipsa

166 1741 269 1800 Venus
291 1740 434 1800 inducitur
458 1742 562 1799 urbem
591 1741 719 1800 Romam
748 1741 786 1800 ad
812 1759 843 1799 se
869 1760 921 1818 per
947 1739 1037 1800 Iulios
1062 1741 1217 1817 Iulumque

167 1839 323 1899 deductam
343 1839 503 1916 adloquens
524 1839 744 1917 admonensque
762 1839 833 1916 quid
852 1859 889 1898 ex
909 1839 993 1898 stella
1010 1857 1063 1899 sua
1081 1840 1218 1899 adamata

168 1938 307 2016 speraturi
322 1938 398 1997 sint?

208 2035 294 2096 Certe
313 2045 380 2112 post
398 2032 519 2115 cauer(e)
539 2036 727 2112 imperatiuus
748 2041 875 2094 memento
896 2035 992 2095 locum
1014 2054 1100 2095 suurn
1121 2035 1218 2094 habet.

169 2135 221 2193 Sin
235 2134 350 2210 negaris
364 2140 388 2191 le
402 2133 573 2211 plerumque
593 2134 731 2194 lectorem
746 2134 922 2192 Arateorum
940 2135 987 2190 τὸν
1005 2138 1125 2207 τυχόντα,
1140 2152 1217 2191 nunc

168 2234 271 2291 urbem
299 2232 513 2303 Romanorum,
539 2250 634 2310 neque
662 2250 789 2308 usquam
817 2232 897 2304 alias,
929 2232 1100 2308 significare,
1126 2232 1217 2308 scrip-

169 2332 257 2390 serim
347 2340 349 2347 '

290 2429 367 2488 Vere
388 2447 492 2488 cauere
513 2431 620 2487 imbres
642 2439 670 2487 et
691 2429 806 2504 fulgura
827 2435 901 2486 torta
922 2439 1081 2488 memento.

231 2607 269 2678 85
292 2603 400 2662 Nubila
422 2622 489 2663 curn
510 2603 624 2673 fuerint,
647 2604 758 2663 subitos
779 2603 921 2662 mirabere
943 2603 1027 2676 soles,

290 2702 328 2760 Et
348 2702 439 2760 modo
461 2702 497 2761 de
518 2713 617 2774 uent0,
638 2702 736 2778 gelido
756 2701 848 2760 modo
868 2703 1002 2778 protinus
1024 2702 1124 2772 imbre,

292 2800 408 2859 Lucens
429 2800 539 2859 alterna
560 2801 706 2877 superabit
727 2800 791 2859 luce
812 2818 922 2858 serena

293 2897 344 2957 Sin
365 2898 437 2957 leuis
458 2899 590 2974 ingressa
611 2908 654 2956 est
675 2899 795 2974 spatiosi
818 2897 910 2957 sidera
931 2895 1045 2968 Cancri,

291 2996 398 3056 Pacem
418 2996 545 3055 mundus
566 2996 663 3055 habet.
778 2984 780 2989 ¹

168 3129 287 3190 Grotius
304 3128 427 3189 ‘Nullus
441 3147 552 3200 sensus,
567 3129 597 3186 ni
611 3128 691 3205 legas
706 3127 746 3187 Si
764 3129 853 3187 Venus
867 3131 994 3204 ingressa
1014 3136 1055 3186 est
1071 3138 1111 3204 sp.
1126 3127 1157 3186 S.
1175 3127 1218 3187 C.’

168 3228 266 3286 Immo
281 3228 416 3304 optimus.
459 3227 635 3286 Inconstans
649 3244 742 3304 usque
752 3225 855 3284 Venus
868 3226 921 3286 fuit
934 3227 965 3285 in
980 3227 1091 3297 Tauro,
1103 3244 1173 3283 mox
1188 3226 1218 3283 in

170 3326 312 3386 Geminis.
354 3324 412 3384 Sed
426 3325 529 3384 eadem
547 3324 619 3383 leuis
640 3325 696 3383 dea
715 3325 800 3382 simul
819 3335 906 3403 atque
921 3325 1069 3384 Cancrum
1087 3325 1219 3400 ingressa

169 3435 221 3495 est,
244 3424 468 3483 inconstantiam
497 3424 623 3500 deponit,
645 3423 745 3481 omnia
773 3441 832 3481 uno
860 3432 960 3482 tenore
988 3433 1076 3498 pacat
1104 3433 1217 3500 tempe-

168 3535 281 3603 ratque.

231 3716 270 3776 95
293 3700 414 3777 Virgine
435 3709 519 3760 erunt
539 3700 656 3777 piuuiae
678 3700 836 3776 †plerique
857 3700 888 3758 in
909 3701 985 3758 nube
1007 3699 1146 3775 fragores,

163 3801 293 3876 plenique
312 3798 440 3858 Grotius
482 3799 531 3856 An
551 3799 648 3875 potius
673 3800 819 3874 coelique?
853 3799 890 3859 cf.
919 3817 975 3873 134
998 3798 1105 3875 gelr'dm
1124 3800 1217 3877 statur

169 3900 289 3974 coelique
289 3899 440 3977 fragores.
