2760 4448
569 297 605 346 ll
1070 286 1112 370 69

69 466 223 546 refulgenti
256 469 323 530 Cur.
347 470 474 549 Regzbre.
502 469 594 548 Neap.
635 470 733 549 Atque
766 471 887 550 fulgenti
916 493 931 532 e
972 473 1012 533 At
1035 492 1112 550 quae

68 567 189 644 fulgenti
210 567 341 645 Scaliger
380 570 420 628 At
440 587 515 647 quae
534 568 670 646 fulgentis
690 569 842 629 Bentteeus.
884 575 941 630 882
965 591 1019 632 nec
1041 571 1110 631 Cur.

75 664 162 725 Voss.¹
210 685 272 726 non
293 666 378 727 Voss.²
421 687 491 726 neo
534 668 583 725 uix
596 667 738 727 Bentleeus
773 670 820 729 cui
841 669 967 746 iungitur
988 671 1111 730 Hueteics

67 771 95 822 et
111 764 262 825 Bentlee'us.

107 862 230 922 Videtur
256 862 417 923 describere
445 863 594 940 regionem
622 883 660 924 x1.
703 863 733 924 Si
758 864 936 944 Scaligerum
959 866 1108 945 sequimur

67 960 243 1020 scribentem

189 1060 230 1118 At
249 1076 325 1136 quae
346 1058 465 1136 fulgenti
486 1058 615 1138 sequitur
635 1058 749 1136 fastigia
770 1055 853 1122 caelo

190 1155 329 1216 Proxima

64 1255 158 1315 uerba
178 1255 218 1314 sic
239 1256 419 1332 interpretor,
436 1260 548 1331 atquae
559 1258 700 1333 proxime
717 1266 761 1316 est
777 1257 851 1314 caelo
871 1256 921 1314 ubi
927 1257 1031 1335 fulget
1045 1257 1109 1316 luce

65 1353 227 1431 purissima,
243 1350 323 1431 (hinc
343 1355 421 1412 enim
430 1351 572 1432 fulgente)
591 1357 766 1431 sequiturque
782 1355 842 1414 siue
863 1355 970 1431 aspirat
990 1355 1027 1414 ad
1048 1356 1109 1414 eius

51 1451 197 1528 fastege'e.
237 1450 316 1510 Nam
329 1453 402 1509 caelo
422 1451 471 1509 uix
487 1451 580 1510 ausim
599 1453 630 1510 in
646 1455 717 1510 caele'
732 1461 842 1511 mutare
859 1462 962 1511 contra
975 1453 1090 1512 codices
1099 1472 1108 1526 ;

64 1549 211 1626 habetque
232 1548 456 1626 explicationem
476 1567 559 1608 suam
579 1551 731 1626 genetiuus
745 1550 909 1626 refulgentis
922 1569 959 1610 ex
974 1551 1108 1628 proximo

63 1649 197 1723 sequetur,
213 1648 294 1708 cuius
308 1669 323 1707 s
336 1647 418 1708 facile
433 1665 500 1706 cum
513 1649 668 1727 refulgenti
679 1647 832 1708 cohaerere
847 1650 980 1725 potuerit.

105 1745 213 1806 Cetera
234 1747 274 1806 sic
295 1747 460 1823 scripserim

429 1862 491 1904 non
510 1844 566 1922 ipsi
586 1843 669 1904 cedat
689 1845 737 1904 cui
758 1845 877 1922 le'ngitur
898 1855 975 1906 astro

62 1951 173 2000 astrum
200 1944 247 2002 cui
274 1943 390 2020 fingitur
417 1944 479 2004 siue
507 1943 661 2019 adfingitur
687 1953 732 2004 est
756 1943 852 2004 louis:
885 1944 967 2003 cuius
995 1943 1107 2021 ingenti

61 2040 210 2117 potentiae
231 2060 269 2100 ne
289 2041 345 2118 ipsi
365 2033 484 2119 quidem
505 2059 620 2101 cessura
641 2051 693 2100 est.

106 2134 243 2218 [Semper
258 2149 357 2198 tamen
371 2139 492 2198 dubium
511 2158 559 2199 me
581 2139 680 2199 habuit
699 2139 770 2199 illud
788 2141 962 2216 mulgentur,
978 2157 1106 2217 proquo

61 2237 211 2315 refutantis
236 2246 281 2297 est
308 2237 339 2296 in
362 2235 461 2297 Voss?
488 2238 535 2297 cui
558 2238 609 2296 uni
636 2250 705 2299 ante
732 2257 835 2299 omnes
862 2239 951 2297 fidem
978 2239 1106 2297 Iacobus

60 2334 173 2406 habuit,
187 2344 215 2393 et
232 2344 346 2395 constat
364 2335 395 2393 in
415 2353 475 2395 uno
495 2355 532 2396 eo
552 2337 642 2396 multa
661 2338 832 2396 remansisse
850 2355 925 2413 quae
944 2355 981 2395 ex
1002 2336 1104 2395 ceteris

61 2433 172 2492 abolita
186 2433 250 2493 sint.
284 2433 330 2492 Ex
342 2433 399 2493 hoc
413 2435 547 2513 restanus,
558 2444 586 2494 et
600 2452 670 2494 mox
684 2437 801 2512 uestege‘e
814 2435 905 2508 elicio,
920 2453 959 2494 sc.
969 2433 1105 2511 Typhoei

61 2530 233 2590 anhelantis.
275 2530 388 2591 Dixerit
399 2531 519 2608 aliquis:
545 2542 574 2591 at
583 2532 737 2610 Typhonis
746 2532 830 2592 sedes
843 2533 923 2610 regio
932 2543 975 2591 est
989 2551 1020 2603 11,
1029 2548 1104 2608 quae

60 2647 79 2688 a
96 2647 213 2689 summo
233 2631 314 2690 caelo
327 2630 451 2690 discreta
465 2641 509 2690 est
522 2651 532 2690 1
547 2631 665 2708 regione
687 2632 863 2708 Horoscopi,
880 2632 947 2690 dein
961 2649 1002 2690 xu
1020 2639 1104 2706 porta

60 2726 194 2799 Laboris,
216 2748 246 2788 ru
269 2729 350 2789 Iouis
375 2729 530 2789 domicilio.
572 2730 676 2807 Itaque
700 2730 750 2787 uix
775 2730 869 2806 potuit
890 2729 947 2790 dici
971 2729 1052 2806 regio
1072 2747 1104 2788 xr

59 2844 138 2903 quae
171 2825 238 2886 Ioui
271 2827 426 2904 adfingitur
456 2826 611 2905 Typhonis
646 2827 729 2906 sequi
765 2828 889 2904 uestigia
924 2826 978 2906 (sic
1011 2826 1100 2898 enim,

58 2943 122 2984 non
131 2925 263 3003 fastigia
290 2925 470 3002 scripserim
498 2925 564 2984 uide
588 2944 635 2984 me
659 2926 697 2986 ad
720 2926 784 2984 Ibin
812 2926 885 3005 365)
901 2944 968 2985 cum
990 2934 1034 2984 tot
1058 2925 1102 2983 in-

59 3023 186 3082 teruallis
213 3024 342 3084 seiuncta
369 3024 414 3084 sit.
454 3023 565 3082 Verum
593 3023 650 3084 hoc
679 3024 731 3083 sit:
762 3025 814 3084 sed
836 3035 935 3083 tamen
963 3021 1102 3082 Manilius

58 3131 171 3180 certum
185 3121 315 3181 ordinem
330 3122 483 3198 regionum
502 3140 563 3182 non
582 3131 626 3181 est
644 3133 767 3195 secutus,
781 3142 848 3181 cum
870 3131 937 3199 post
951 3121 1101 3198 oppositas

57 3220 192 3297 regiones
206 3220 313 3280 laboris
362 3239 404 3281 x11
445 3220 622 3298 ,Typhonis
643 3221 716 3280 duae
767 3240 798 3292 11,
851 3230 917 3296 post
933 3219 986 3279 has
1003 3229 1100 3280 autem

329 3221 437 3461 lt}
723 3220 747 3456 l
756 3227 842 3462 t}

57 3499 88 3541 x1
105 3491 135 3540 et
149 3500 177 3553 v,
191 3491 253 3541 tum
274 3492 350 3541 1xet
370 3500 412 3554 111,
428 3503 446 3542 x
463 3490 492 3541 et
511 3501 575 3554 rv,1
597 3491 626 3541 et
646 3501 687 3541 vrr
708 3492 903 3542 numerentur.
946 3479 1099 3557 Potuitque

56 3581 149 3640 uerba

179 3677 220 3736 At
239 3696 314 3757 quae
335 3678 462 3739 reflantis
482 3679 611 3758 sequitur
630 3678 753 3755 uestigia
766 3678 849 3739 caelo

180 3777 318 3837 Proxima

56 3875 95 3936 ad
120 3875 258 3938 iniectam
285 3877 464 3967 mentionem
489 3875 641 3956 Typhonis
666 3875 747 3956 (874,
771 3873 844 3954 879)
868 3872 1099 3946 accommodare,
