2760 4448
234 292 296 354 104
544 288 693 338 NOCTES
712 285 962 336 MANILIANAE

232 448 294 508 Cui
309 465 392 521 mque
405 447 582 524 principium
602 454 643 505 est
660 466 787 522 usquam,
808 446 847 504 ΙΙ.
869 465 926 521 591
953 444 1026 506 Cum
1041 446 1172 521 fortuna
1191 446 1284 524 ficlim

229 553 346 621 quaerat
358 546 414 602 uix
429 547 536 602 z'uuem'l
547 564 673 620 usquam,
688 544 803 604 Lucret.
817 545 853 604 vi.
871 548 945 602 1081
961 542 1024 603 Nec
1040 544 1168 602 libitam
1187 546 1284 622 longis

230 655 298 720 opus
312 650 353 701 est
364 644 528 718 ambagibus
542 662 667 719 usquam.
696 643 787 702 Aliter
801 661 833 703 se
847 661 894 701 res
907 642 995 701 habet
1008 661 1036 700 u.
1053 659 1121 717 530,
1137 644 1188 702 ubi
1205 662 1285 703 unus

229 732 386 816 nusquam,
401 741 487 800 ceteri
506 751 535 800 et
554 740 671 800 Gembl.
684 760 770 817 usque
787 741 856 800 dant
865 759 874 814 3
902 750 1058 818 utrumque
1072 741 1142 801 satis
1159 742 1198 800 ad
1216 761 1285 801 sen-

230 840 350 898 tentiam
378 839 603 911 conuenienter;
635 839 697 898 sola
723 839 894 898 auctoritate
919 838 1033 897 testium
1055 840 1286 898 commendatur

229 957 336 1013 usque:
365 955 426 996 non
450 936 529 995 enim
549 937 617 1014 quia
639 940 697 1010 528
719 937 862 996 clauditur
881 937 977 996 uerbis
991 943 1140 1013 permanet
1161 958 1285 1013 usquam

230 1035 339 1095 idcirco
358 1053 420 1093 non
435 1035 528 1111 potuit
546 1053 664 1110 usquam
681 1036 785 1094 iterum
803 1035 885 1093 finire
904 1051 1020 1092 uersum
1041 1048 1109 1109 530.
1154 1034 1285 1112 Respice

216 1133 278 1192 ·u'u.
300 1147 439 1208 539-542
463 1143 491 1192 et
511 1151 609 1191 rursus
631 1147 789 1208 545-550;
817 1133 856 1190 illi
877 1132 918 1191 sic
937 1133 1128 1191 terminantur
1144 1133 1287 1192 diebus—

230 1233 596 1307 astra-diesque-astrus,
621 1231 651 1289 hi
675 1233 715 1290 sic
739 1239 1286 1290 astrum—auno-anuus—cuncta-

229 1337 478 1388 annus—astrum.

271 1428 389 1488 Nouam
412 1428 620 1487 dubitationem
644 1439 764 1487 mouent
789 1427 837 1487 illa
864 1447 942 1504 seque
969 1430 1028 1503 ipsa
1053 1429 1113 1486 dt'es
1139 1429 1288 1504 altumque

230 1530 351 1603 requirit
374 1528 433 1586 siue
460 1539 491 1585 ut
511 1525 612 1587 Voss.1
637 1528 775 1603 scriptum
799 1526 916 1586 exhibet
940 1528 1081 1602 relmqm't.
1123 1525 1210 1586 Prius
1241 1530 1287 1587 sic

230 1629 418 1704 interpret013
440 1625 502 1685 dies
516 1625 619 1685 frustra
639 1625 815 1685 secundem
834 1625 946 1702 quaerit
964 1625 1023 1701 qui'
1034 1625 1114 1701 prius
1134 1624 1197 1696 fuit,
1214 1644 1286 1684 cum

230 1725 301 1783 alius
317 1742 431 1801 semper
445 1725 481 1783 sit
494 1742 531 1783 ex
546 1724 592 1782 die
606 1726 636 1783 in
650 1723 745 1795 diem;
766 1733 799 1782 ut
812 1742 840 1781 se
858 1725 997 1798 alz'umque
1010 1722 1088 1782 idem
1103 1723 1139 1782 sit
1154 1724 1238 1800 quod
1252 1743 1285 1784 se

229 1822 414 1899 eundemque
429 1823 535 1894 alium;
556 1840 626 1880 nam
640 1822 708 1898 quia
727 1821 799 1881 alius
819 1839 934 1897 semper
947 1821 1075 1880 nascitur
1089 1821 1161 1893 dies,
1175 1821 1285 1881 frustra

229 1920 402 1979 secundem
421 1919 452 1977 in
468 1920 525 1978 alio
541 1921 668 1997 quaeritr
693 1920 757 1978 ‘the
778 1919 835 1996 day
851 1918 938 1979 looks
958 1919 989 1976 in
1003 1919 1069 1978 vain
1089 1919 1135 1978 for
1156 1919 1208 1979 the
1230 1919 1288 1980 seli

229 2018 321 2076 which
336 2019 360 2076 is
374 2028 426 2076 not
439 2018 486 2076 the
501 2017 599 2078 same?
630 2017 785 2092 Relmqm‘t,
797 2018 858 2076 siue
872 2028 905 2076 ut
919 2026 963 2076 est
977 2017 1007 2075 in
1022 2017 1143 2077 Cusano
1157 2020 1284 2094 reliquit,

229 2118 286 2175 dies
301 2118 358 2193 ipse
371 2135 398 2173 se
411 2115 592 2191 eundemque
607 2118 696 2174 altum
711 2115 778 2193 quia
796 2115 918 2192 singulis
936 2115 1039 2174 diebus
1059 2132 1112 2174 sua
1130 2116 1227 2193 spatia
1247 2135 1285 2176 ac

230 2215 376 2285 decursus,
402 2231 454 2272 sua
478 2224 521 2272 est
545 2213 668 2285 fortuna,
691 2223 722 2271 ut
746 2231 813 2272 cum
840 2213 902 2272 dies
925 2213 1014 2290 aliqui
1038 2213 1096 2272 iam
1124 2213 1163 2272 ad
1190 2214 1284 2273 finem

228 2312 404 2391 perueniens
420 2330 451 2370 se
465 2312 599 2389 relinquit
615 2330 650 2370 ac
665 2310 779 2382 deserit,
795 2328 856 2370 non
872 2311 950 2370 idem
964 2311 1001 2370 sit
1015 2329 1069 2370 nec
1083 2329 1206 2388 compar
1220 2313 1284 2372 cui-

230 2430 320 2488 quam
334 2411 560 2487 praeteritorum,
576 2410 629 2470 sed
642 2411 738 2487 specie
753 2409 839 2482 idem,
853 2428 954 2468 reuera
974 2410 1046 2469 alius
1067 2410 1119 2469 sit:
1142 2409 1209 2469 ‘the
1225 2411 1284 2488 day

229 2510 324 2568 leaves
337 2509 447 2567 behind
461 2509 482 2566 it
497 2506 590 2586 (takes
603 2509 683 2567 leave
697 2507 744 2587 of)
759 2527 777 2565 a
796 2507 853 2565 self
867 2508 962 2566 which
981 2508 1079 2567 differs
1097 2508 1173 2567 from
1191 2511 1231 2567 all
1246 2512 1284 2569 its

230 2607 448 2684 predecessors?
477 2607 535 2665 Sed
545 2607 602 2666 hoc
616 2617 648 2665 ut
661 2606 753 2665 multo
768 2616 812 2665 est
826 2606 876 2664 illo
890 2607 1060 2679 contortius
1069 2608 1110 2667 sic
1120 2607 1282 2669 infirmiore

229 2707 326 2765 nititur
340 2704 537 2764 fundamento.

272 2804 393 2876 Quanto
406 2804 555 2862 uenustius
568 2813 656 2880 poeta
669 2812 782 2861 nostras
796 2801 964 2861 Matthaeus
978 2803 1101 2876 Arnold‚

699 2898 924 2960 ‘to-morrow’ll
945 2902 982 2960 be

432 2998 575 3075 To=day's
596 2984 680 3058 exact
700 2998 836 3075 repeated
856 2997 979 3075 effigyl’

271 3097 375 3157 Verius
389 3108 485 3157 tamen
500 3098 570 3155 illud
584 3097 707 3184 Manilii,
723 3108 751 3155 et
765 3096 857 3156 multo
872 3102 1099 3173 φιλοσοφώτερον.

271 3215 299 3254 u.
325 3210 383 3271 533
413 3197 527 3273 egregie
554 3195 719 3254 emendauit
743 3195 889 3254 Iacobus:
920 3199 1024 3255 sustani
1045 3217 1082 3256 ex
1107 3200 1217 3258 distant
1239 3202 1283 3262 sic

231 3295 418 3372 deprauatum
443 3306 486 3353 est
510 3306 542 3354 ut
565 3315 602 3354 ex
627 3296 744 3372 signant
765 3293 874 3353 sactum
899 3303 943 3354 est
966 3297 1089 3372 dignun!
1111 3296 1173 3357 Cic.
1198 3298 1283 3360 Atat.

232 3412 270 3468 34
287 3389 382 3472 (2⁶8l·

271 3491 327 3551 111.
343 3505 484 3566 537-540
499 3493 541 3551 sic
555 3501 655 3550 extant
670 3492 700 3549 in
715 3489 831 3551 Gembl.

354 3590 427 3648 Sunt
447 3590 553 3666 quibus
575 3601 603 3647 et
625 3589 697 3648 caeli
717 3600 816 3667 pateat
836 3591 982 3650 nascentis
1002 3593 1040 3650 ab
1061 3591 1151 3650 horae

354 3687 463 3763 Sydere
484 3707 574 3764 quem
595 3698 760 3746 memorant
781 3688 963 3764 horoscopos
984 3690 1156 3750 inuenturos

355 3785 438 3844 Parte
459 3785 540 3862 quod
560 3804 597 3843 ex
619 3785 666 3842 illa
688 3786 857 3844 describitur
878 3787 951 3846 hora
971 3789 1080 3846 diebus

354 3884 451 3944 Omne
473 3902 564 3961 genus
585 3885 702 3943 rationis
723 3885 782 3960 agit
802 3904 854 3961 per
876 3894 1009 3962 tempora
1031 3897 1059 3946 et
1081 3898 1167 3961 astra.
