2760 4448
264 278 326 342 144
582 274 731 326 NOCTES
750 232 1001 326 MANJLJANAE

262 438 296 498 C.
310 439 346 495 iv.
361 456 388 510 4.
404 440 451 512 38,
458 438 567 516 flumen
581 437 713 496 Rhenum
728 438 765 496 A.
780 436 812 498 P.
831 443 875 510 18,
892 436 1088 515 Propertianis
1110 435 1205 496 Baiae
1226 455 1314 513 aquae

262 537 279 592 i.
305 554 349 595 11.
372 554 420 610 30,
444 536 564 594 Luceres
587 534 689 595 Solent
709 537 744 594 iv.
770 555 794 594 r.
816 554 852 611 31
876 534 931 614 (sic
957 537 1037 594 enim
1063 537 1092 594 in
1115 535 1315 613 Neapolitano

261 634 398 693 traditum
412 633 477 712 est).

305 746 371 807 723,
389 751 406 804 4
422 731 566 808 Aethiopes
581 732 724 790 maculant
735 732 828 792 urbem
844 732 972 793 Romam
987 732 1086 793 colore
1105 750 1160 791 suo
1179 731 1314 790 inficiunt

261 831 427 906 tenebrisque
432 831 571 906 figurant
582 831 725 909 Perfusos
738 832 879 890 bominum
889 838 983 908 gentes
998 830 1154 907 imaginem
1169 832 1316 907 praebent

261 929 437 1006 populorum
460 928 607 1005 nigrorem
635 929 715 987 omni
743 948 867 1006 corpore
895 929 1135 1006 praeferentium:
1166 937 1196 987 at
1222 927 1315 986 Inde'o

257 1032 429 1104 progenerat
445 1029 538 1085 meires
555 1029 623 1085 tosti
638 1025 692 1103 (sic
713 1028 791 1086 enim
811 1028 925 1104 corrigo
942 1025 1032 1106 testes)
1053 1027 1149 1085 minus
1170 1026 1255 1104 quod
1277 1027 1315 1085 sit

261 1125 355 1185 adusti
372 1125 488 1197 coloris,
503 1143 571 1183 cum
586 1125 651 1183 Indi
666 1143 726 1184 non
741 1143 860 1202 prorsus
880 1124 962 1197 fusci,
978 1126 1030 1185 sed
1048 1124 1188 1203 pallorem
1208 1143 1314 1204 quem·

261 1224 331 1283 dam
344 1241 412 1282 cum
426 1223 543 1300 nigrore
557 1241 611 1283 suo
625 1224 816 1283 coniunctum
830 1223 967 1283 habeant.

302 1321 455 1381 Hactenus
469 1322 545 1381 clara
559 1331 625 1381 sunt
642 1322 761 1381 omnia:
783 1321 835 1381 sed
848 1322 879 1379 in
895 1324 953 1398 726
969 1321 1039 1400 quid
1053 1330 1096 1380 est
1103 1321 1248 1399 propiori
1277 1321 1315 1380 Id

260 1421 378 1498 negauit
392 1420 538 1480 Bentleius
559 1429 634 1480 stare
649 1438 745 1496 posse,
760 1438 873 1498 proque
887 1437 924 1480 eo
942 1421 1094 1498 supposuit
1108 1418 1174 1478 Iam
1189 1422 1315 1497 proprio

260 1521 340 1578 tellus
345 1520 472 1595 gaudens
483 1518 624 1596 Aegyptio
635 1517 715 1578 Nilo.
751 1518 827 1578 Sane
834 1521 972 1597 proprior
980 1528 1023 1579 est
1033 1519 1064 1577 in
1074 1518 1229 1578 Vossianis
1243 1527 1273 1577 et
1288 1538 1315 1591 o,

260 1618 312 1678 sed
322 1617 379 1678 hoc
389 1618 489 1676 uitium
500 1619 585 1677 toties
595 1617 711 1677 codices
722 1618 885 1695 occupauit,
895 1629 926 1677 ut
937 1619 968 1676 in
979 1636 1037 1694 qua
1051 1616 1178 1676 uiuimus
1192 1615 1313 1694 palaeo-

261 1716 398 1793 graphiae
412 1716 475 1774 luce
489 1715 606 1774 ulterius
621 1716 651 1773 in
665 1734 701 1774 eo
716 1717 824 1775 morari
839 1716 944 1776 nolim:
966 1716 1041 1775 adeo
1054 1724 1180 1774 notares
1191 1725 1236 1774 est
1246 1732 1313 1773 om-

261 1816 347 1874 nibus
361 1814 410 1890 qui
425 1813 542 1873 codices
559 1813 647 1872 MSS.
661 1814 748 1873 hodie
762 1823 867 1887 terunt,
882 1813 1050 1890 saepissime
1062 1813 1183 1890 prope'or
1190 1816 1313 1890 propriu

256 1914 392 1989 propiora
406 1912 437 1970 in
445 1913 583 1988 properie
589 1914 729 1988 proprius
735 1914 892 1990 propriora
906 1913 1018 1972 abiisse.
1046 1910 1189 1971 Stoebero
1200 1912 1313 1972 credita

261 2021 303 2070 est
311 2013 432 2087 propior
447 2010 531 2068 India
544 2010 601 2069 dici
615 2011 683 2086 quia
697 2012 818 2088 propius
832 2010 982 2070 accederet
996 2028 1056 2070 non
1071 2010 1127 2069 situ
1141 2009 1195 2070 sed
1210 2009 1312 2070 colore

260 2109 430 2180 hominum;
451 2108 503 2167 sed
522 2109 685 2168 necessario
707 2109 745 2167 ad
766 2110 918 2186 regionum
940 2108 1026 2167 situm
1048 2107 1177 2167 refertur.
1220 2107 1313 2168 Poeta

260 2207 385 2285 populos
406 2216 562 2284 postquam
585 2205 642 2266 hoc
665 2208 806 2266 recensuit
830 2206 931 2265 ordine
954 2200 1116 2279 Romanos,
1140 2204 1310 2280 Graeciam,

260 2306 382 2382 Syriam,
396 2305 563 2382 Aethiopas,
578 2304 702 2376 Indiam,
723 2305 796 2364 redit
815 2304 852 2362 ad
867 2304 1036 2381 Aegyptum
1055 2305 1114 2364 iam
1134 2303 1310 2382 propiorem

259 2404 489 2464 occidentalibus
510 2403 600 2474 terris,
622 2403 777 2480 praecipue
796 2403 904 2475 Italiae,
922 2403 971 2461 ubi
991 2403 1054 2479 ipse
1075 2421 1195 2462 carmen
1217 2402 1310 2478 scrip·

259 2503 330 2562 sisse
350 2503 478 2561 uidetur:
507 2502 565 2561 iure
586 2501 672 2580 igitur
697 2504 735 2561 ab
755 2501 947 2579 Aethiopibus
970 2510 1000 2560 et
1020 2500 1110 2572 Indis,
1133 2517 1194 2578 quo
1216 2518 1308 2560 excu-

259 2611 396 2672 currerat,
413 2601 452 2660 ad
465 2600 633 2676 Aegyptum
647 2610 676 2659 et
690 2600 791 2658 Nilum
806 2601 912 2660 relatus
926 2600 998 2659 haec
1006 2601 1145 2677 propriora
1156 2598 1233 2658 dicit.
1269 2599 1310 2658 Et

259 2700 325 2777 quis
343 2699 442 2759 credat
460 2699 588 2774 tellusque
611 2705 721 2770 notans,
738 2717 797 2776 qua
816 2698 960 2758 locutione
982 2697 1052 2756 nihil
1073 2697 1168 2774 magis
1188 2699 1309 2774 proprie

260 2797 397 2856 Manilius
417 2797 530 2856 locutus
555 2806 598 2856 est
619 2794 668 2874 (ci.
695 2810 751 2872 752
781 2798 860 2854 tellus
884 2795 1009 2872 Aegypti
1025 2797 1103 2854 siesse
1124 2794 1248 2874 natare),
1271 2814 1308 2854 ex

259 2896 429 2955 Bentleiano
443 2896 521 2952 tellus
531 2895 659 2970 gaudens
672 2905 767 2952 ortum
782 2894 867 2952 esse?

299 2993 395 3053 Multo
414 2993 476 3051 ueri
495 2992 613 3051 similior
633 3002 677 3051 est
698 2992 828 3051 eiusdem
850 2991 1018 3052 emendatio
1032 2992 1162 3051 Phoebus
1183 2992 1213 3049 in
1238 2998 1307 3067 728.

258 3092 363 3169 Neque
378 3102 476 3150 tamen
491 3091 558 3149 satis
572 3089 655 3149 tacit:
677 3090 787 3165 optime
806 3090 885 3149 enim
899 3101 927 3150 et
941 3089 1022 3166 quod
1036 3107 1148 3148 nouum
1162 3090 1307 3166 populum

257 3191 367 3251 inducit
383 3199 411 3248 et
429 3188 508 3265 quod
530 3189 559 3245 in
581 3188 724 3264 principio
744 3197 799 3246 stat
818 3206 919 3247 uersus
932 3189 1049 3246 Poenus
1064 3186 1202 3267 (Poenus)
1217 3189 1307 3247 tradi-

257 3301 320 3348 tum
335 3298 386 3348 est.
423 3285 520 3345 Credo
534 3296 701 3362 corruptum
716 3304 779 3345 esse
791 3287 884 3358 terris,
894 3304 961 3345 cum
972 3286 1066 3346 codex
1077 3285 1152 3345 Coll.
1164 3285 1307 3362 Corporis

258 3388 365 3447 Christi
375 3405 517 3455 arenosus,
528 3401 587 3442 non
599 3386 723 3442 arenosis
736 3385 849 3444 habeat.
880 3384 944 3443 Iam
955 3403 983 3443 u.
996 3403 1055 3459 4¹9
1066 3387 1152 3443 terres
1165 3384 1306 3442 uitiosum

258 3481 394 3541 codicum
417 3479 562 3537 Breiterus
590 3488 619 3538 et
643 3477 789 3556 Hauptius
816 3479 847 3536 in
875 3485 964 3535 torres
992 3487 1195 3550 correxerunt3
1225 3477 1305 3537 idem

257 3599 338 3639 error
353 3578 441 3639 ethic
456 3576 582 3652 inrepsit.
624 3576 727 3654 Itaque
742 3576 927 3637 scribendum
941 3585 985 3635 est

378 3676 494 3734 Poenus
516 3675 673 3734 harenosos
694 3675 830 3734 Afrorum
851 3673 969 3751 puluere
990 3675 1078 3732 terrei

379 3774 515 3832 Exsiccat
536 3773 671 3849 populos.

300 3872 359 3932 Hic
374 3872 453 3949 quod
468 3873 554 3929 torres
573 3872 680 3948 scripsi,
697 3890 756 3931 non
773 3879 868 3946 torres,
882 3872 989 3931 ueritus
1010 3889 1077 3931 sum
1099 3871 1191 3930 uideri
1206 3869 1305 3930 Lach-
