2760 4448
173 276 196 341 4
484 277 634 328 NOCTES
653 277 903 328 MANILIANAE

214 452 238 511 I.
256 454 321 523 162,
338 471 354 529 3
371 452 412 513 sio
428 453 522 513 traditi
537 465 604 514 sunt
617 455 648 513 in
660 453 777 514 Gembl.

296 550 423 628 Quoque
444 554 539 629 magis
559 572 647 630 puras
667 551 773 613 humor
795 553 913 613 secessit
934 554 965 612 in
986 551 1081 612 undas

296 649 335 708 Et
356 651 462 710 siccata
483 652 576 728 magis
597 661 762 710 struxerunt
783 670 912 728 aequora
932 661 1048 710 terram.

173 747 294 809 Sacrata
309 748 417 809 Munro
432 750 470 809 ad
484 749 572 809 Lucr.
587 769 612 807 v.
628 753 686 825 487
706 750 777 808 Tam
799 752 891 826 magis
911 761 1060 827 expressus
1080 751 1173 807 salsus
1193 750 1226 807 de

172 859 285 923 corpore
297 847 522 924 sudorAugebat
530 868 607 907 mare
617 849 926 924 manando-camposque
934 851 1065 919 natandi,
1076 848 1126 924 qui
1137 849 1226 907 etiam

144 941 149 947 ’
171 952 343 1006 struxerunt
361 948 458 1024 potius
478 965 567 1024 quam
581 948 769 1019 struxerunt,
779 948 859 1024 quod
873 947 983 1006 habent
996 946 1143 1019 Vossiani‚
1154 948 1224 1006 scri-

90 1078 93 1083 ·
172 1045 303 1104 bendum
315 1047 461 1104 censebat.

214 1143 357 1218 1.202,3

334 1241 388 1300 Est
408 1242 495 1319 igitur
514 1243 598 1302 tellus
618 1241 748 1301 mediam
769 1241 868 1300 sortita
888 1258 1044 1300 cauernam

335 1339 419 1399 Aeris
440 1350 469 1400 et
489 1350 552 1400 toto
573 1341 679 1417 pariter
701 1340 814 1399 sublata
835 1338 988 1416 profundo

212 1438 270 1497 Pro
289 1445 316 1497 et
334 1438 414 1515 quod
440 1440 565 1498 seruauit
586 1439 718 1510 Iacobus
741 1438 889 1497 Bentleius
912 1437 1042 1496 ediderat
1062 1457 1083 1496 e.
1125 1436 1222 1514 Scrip-

170 1537 256 1596 serim
276 1557 314 1596 ex
336 1547 368 1596 ut
391 1538 478 1597 etiam
502 1537 525 1597 Ι.
548 1541 607 1611 428
628 1557 667 1596 ex
690 1544 776 1614 rupta
801 1543 890 1595 matre
909 1544 1016 1594 creatos
1036 1537 1086 1595 ubi
1107 1536 1223 1597 codices

168 1653 273 1694 omnes
286 1643 319 1708 et,
333 1636 480 1694 Bentleius
494 1657 507 1695 e
521 1636 609 1707 dedit,
625 1638 684 1708 864
699 1634 842 1694 Imbribus
855 1654 894 1693 ex
907 1636 1003 1694 medzi's
1018 1633 1123 1715 (Bentl.
1137 1631 1172 1712 e).

209 1734 233 1793 Ι.
251 1753 390 1807 211-214
405 1736 447 1794 sic
461 1744 561 1793 extant
574 1735 605 1793 in
620 1734 736 1794 Gembl.

251 1832 336 1892 Haec
356 1843 473 1892 aeterna
494 1843 593 1892 manet
613 1833 747 1910 diuisque
768 1832 913 1891 simillima
933 1831 1038 1904 forma,

251 1930 308 1989 Cui
329 1949 425 2006 neque
446 1931 621 2007 principium
642 1940 687 1990 est
707 1948 841 2008 usquam,
863 1949 917 1990 nec
938 1930 1005 1990 finis
1026 1931 1058 1988 in
1078 1931 1143 2007 ipso

251 2029 309 2088 Sed
326 2030 427 2089 similis
448 2039 510 2089 toto
531 2039 663 2089 remanet
683 2047 794 2106 perque
816 2029 917 2088 omnia
936 2047 990 2105 par
1010 2038 1062 2088 est.

249 2127 297 2187 Sic
317 2127 406 2186 stellis
426 2127 589 2204 glomerata
612 2138 732 2186 manent
754 2126 955 2205 mundumque
976 2127 1111 2203 figurant.

209 2225 279 2286 Non
296 2236 339 2286 est
359 2245 411 2286 cur
429 2227 509 2285 tellus
526 2226 572 2286 hic
589 2244 642 2303 pro
659 2227 747 2284 stellis
764 2227 914 2286 scribatur.
957 2226 1118 2303 Postquam
1139 2225 1219 2284 enim

167 2325 239 2384 dixit
248 2336 341 2385 terrae
354 2324 512 2385 rotundam
526 2326 653 2402 speciem
666 2343 738 2396 esse,
750 2324 829 2384 idem
838 2343 875 2382 ex
887 2323 1023 2383 uniuersa
1034 2334 1136 2384 natura
1147 2343 1220 2405 con-

166 2423 262 2482 firmat
271 2420 440 2504 (aod-208)
449 2424 530 2482 Haec
540 2431 580 2482 est
588 2429 706 2481 naturae
707 2423 813 2499 fizcz'es,
824 2424 865 2480 sic
875 2424 995 2481 mundus
1004 2430 1031 2480 et
1039 2425 1097 2498 ipse
1106 2420 1145 2480 In
1156 2441 1219 2480 con·

166 2542 244 2581 uexa
254 2525 352 2582 uolans
362 2530 454 2581 teretes
456 2525 540 2598 facit
548 2542 603 2580 esse
604 2523 724 2599 figuras
733 2519 886 2580 Stellarum
895 2542 907 2578 .·
920 2519 988 2579 dein
999 2521 1092 2580 solem
1103 2521 1220 2579 lunam-

166 2639 225 2698 que
238 2621 318 2681 addit
332 2620 501 2702 (208-210)
515 2642 521 2681 :
537 2630 686 2698 postremo
700 2639 736 2679 ex
751 2619 892 2695 sphaerae
906 2619 1000 2696 figura
1013 2629 1218 2696 argumentum

165 2719 253 2792 ducit,
276 2738 351 2796 quae
376 2738 444 2779 cum
466 2720 528 2779 sine
552 2718 695 2796 principio
715 2736 751 2776 ac
772 2717 830 2776 fine
854 2717 899 2787 sit,
921 2717 996 2776 diuis
1015 2717 1159 2776 simillima
1181 2736 1217 2776 ac

165 2818 265 2876 diuina
286 2817 434 2877 habeatur.
475 2817 549 2876 Inde
563 2817 636 2876 redit
650 2816 688 2875 ad
702 2815 808 2886 stellaS,
823 2833 907 2892 quae,
920 2825 1071 2894 tamquam
1091 2816 1217 2887 diuinae,

165 2915 382 2991 glomerabilem
405 2915 527 2974 formam
549 2915 665 2985 habent,
680 2923 708 2972 et
729 2913 759 2972 in
781 2913 884 2972 mundi
902 2914 1028 2991 speciem
1047 2913 1218 2988 figurantur.

166 3013 236 3072 Hoc
257 3015 337 3072 enim
357 3015 419 3072 uult
441 3013 590 3084 Manilius,
612 3031 673 3072 non
697 3011 778 3089 quod
803 3012 930 3072 Iacobus
955 3012 1061 3084 statuit,
1083 3010 1216 3069 tellurem

164 3129 249 3170 suam
271 3113 394 3188 figuram
423 3113 504 3172 caelo
533 3112 692 3188 imponere.
735 3111 840 3187 ltaque
867 3129 922 3187 pro
947 3116 1059 3168 manent
1076 3110 1217 3186 figurant

164 3209 320 3287 legendum
342 3230 408 3270 reor
429 3217 521 3268 manet
541 3212 683 3288 figurat;
715 3210 796 3287 quod
817 3218 846 3268 et
866 3208 994 3268 Iacobus
1014 3207 1091 3281 fecit,
1113 3207 1144 3266 in
1164 3208 1215 3266 illo

163 3318 263 3368 tamen
277 3309 416 3385 deceptus
431 3309 512 3387 quod
525 3311 612 3368 stellzi·
626 3327 687 3368 uon
701 3308 858 3368 retinuerit.

204 3407 383 3483 I.215-217

286 3506 401 3565 Idcirco
422 3506 503 3565 terris
523 3524 584 3565 non
605 3507 742 3565 omnibus
763 3506 863 3565 omnia
884 3506 967 3581 signa

290 3604 510 3681 Conspicimus:
532 3623 679 3682 nusquam
699 3605 830 3663 inuenies
849 3603 957 3680 fulgere
974 3602 1133 3680 Canopum

284 3702 389 3762 Donec
410 3703 538 3763 Niliacas
559 3723 612 3780 per
631 3713 756 3780 pontum
776 3703 890 3761 ueneris
911 3719 987 3762 oras.

161 3801 276 3862 Vitruu.
288 3803 326 3860 ix.
340 3816 366 3878 7.
378 3822 395 3875 4
406 3800 505 3878 Itaque
518 3821 611 3860 eorum
617 3803 808 3879 figuratzbnes
815 3807 932 3878 propter
943 3801 1105 3858 obstantiam
1120 3805 1215 3858 terrae

161 3922 216 3961 non
229 3908 296 3960 sunt
307 3908 392 3974 notae,
408 3901 493 3960 buzas
513 3908 602 3960 aulem
624 3902 669 3959 νεῖ
686 3902 775 3960 index
795 3907 835 3959 est
853 3900 933 3958 stella
951 3900 1066 3976 Canopi,
1082 3916 1153 3974 quae
1166 3899 1213 3958 his
