2760 4448
162 267 203 330 82
479 276 628 327 NOCTES
647 275 897 326 MANILIANAE

202 433 257 493 ΙΙΙ.
275 451 411 492 rao-122
428 433 469 491 sic
485 443 585 492 extant
598 432 628 490 in
643 430 760 491 Gembl.

282 531 410 604 Quintus
430 531 567 606 coniugio
588 530 695 608 gradus
715 539 759 590 est
779 547 830 606 per
852 530 934 605 signa
954 527 1067 590 dicatus

282 630 323 688 Et
343 629 433 689 sotios
453 638 532 689 tenet
553 637 581 688 et
602 629 774 690 comitantes
794 627 915 704 hospitis
935 645 995 687 una

283 728 415 804 Iungitur
436 737 465 786 et
485 727 585 786 similis
605 729 787 804 coniungens
806 726 908 786 faedus
929 727 1048 787 amicos.

205 843 263 885 120
278 827 399 886 ducatus
411 825 479 886 Cur.
515 845 568 885 rar
585 826 623 884 Et
638 827 733 886 socios
747 836 825 886 tenet
839 836 867 884 et
880 825 1001 885 comites
1016 823 1139 901 hospitis
1152 842 1210 882 una

169 921 264 996 Voss.²,
278 932 305 982 et
315 927 356 982 sic
372 924 439 984 Cur.
452 929 479 983 et
489 925 570 1001 szs.
585 932 647 983 teste
659 924 768 983 Iacobo.
808 924 847 983 Et
865 923 960 983 socios
979 933 1060 982 tenet
1074 922 1211 982 comitem

162 1020 280 1098 hospitis
307 1040 366 1082 una
393 1020 458 1101 (sic)
493 1021 578 1082 Voss.²
618 1023 657 1081 Et
684 1022 781 1082 socios
810 1030 890 1081 tenet
916 1031 945 1081 et
971 1021 1095 1082 comites
1125 1031 1211 1098 atque

117 1159 121 1166 -
161 1119 282 1197 hospitis
294 1139 353 1180 una
366 1120 405 1180 bo
417 1141 456 1180 ex
469 1123 683 1198 interpolatione.

201 1217 299 1286 Locus
313 1239 350 1278 ex
364 1219 545 1279 difficillimis.
587 1219 735 1279 Bentleius
749 1218 790 1278 sic
804 1217 968 1295 corrigebat

283 1317 321 1375 Et
343 1318 439 1376 socios
459 1325 539 1376 tenet
559 1327 589 1376 et
608 1326 759 1376 consortes
780 1316 967 1394 hospitiisque

283 1415 425 1492 Fungitur
445 1425 473 1476 et
494 1416 601 1476 similes
621 1415 771 1491 coniungit
790 1414 907 1475 foedere
927 1414 1049 1486 amicos,

161 1531 215 1572 nec
238 1513 275 1573 ad
295 1513 398 1574 ductus
418 1514 575 1573 litteramm
596 1533 651 1574 nec
671 1515 710 1573 ad
729 1514 898 1590 prosodiam
911 1511 1026 1571 Manilii
1047 1512 1116 1572 satis
1137 1522 1211 1591 apte.

163 1609 316 1674 Stoebems
330 1631 367 1671 ex
381 1611 445 1672 cod.
461 1611 591 1672 Parisino
604 1611 717 1671 reduxit
730 1612 761 1671 id
775 1611 855 1688 quod
869 1629 926 1689 ego
939 1611 970 1669 in
986 1611 1027 1668 bu
1040 1611 1142 1670 inueni

282 1710 321 1768 Et
342 1709 437 1769 socios
457 1718 536 1769 tenet
556 1720 584 1770 et
606 1710 727 1770 comites
747 1719 833 1787 atque
855 1709 977 1786 hospitis
997 1727 1058 1767 una

282 1807 415 1883 Iungitur
435 1817 464 1867 et
484 1808 594 1869 similes
615 1809 796 1884 coniungens
816 1807 920 1867 foedus
940 1808 1060 1878 amicos

161 1903 213 1963 sed
229 1923 284 1964 nec
297 1904 435 1981 Iungitur
453 1909 621 1982 cunrungenr
639 1917 761 1982 possunt
782 1907 812 1964 in
833 1905 938 1965 eodem
958 1923 1046 1964 uersu
1067 1915 1210 1976 constare,

161 2021 216 2062 nec
230 2021 332 2061 uerum
342 2014 386 2062 est
399 2004 469 2063 illud
482 2015 570 2080 utque,
582 2005 634 2064 sed
648 2004 860 2080 interpolatum,
872 2013 904 2062 ut
917 2004 1004 2061 mirer
1015 2003 1210 2063 Thomasium

161 2120 287 2178 quoque,
304 2103 388 2179 quasi
401 2104 532 2178 uestigiis
547 2103 767 2163 Gemblacensis
780 2103 930 2174 insisteret,
944 2109 1024 2178 atque
1037 2102 1210 2180 reposuisse,

161 2211 330 2277 sequentem
344 2219 462 2261 uersum
477 2201 518 2269 sic
531 2201 681 2261 refinxisse
761 2184 763 2189 ’

281 2298 342 2358 Dat
361 2299 424 2358 iura
447 2308 476 2358 et
496 2299 603 2358 similes
624 2299 806 2375 coniungens
826 2297 929 2358 foedus
950 2297 1071 2358 amicos.

160 2394 285 2454 Iacobus
302 2398 347 2455 hic
366 2398 413 2456 uel
434 2398 483 2455 hoc
503 2406 570 2456 ante
591 2397 707 2473 hospitti
725 2407 804 2456 ratus
825 2408 868 2456 est
890 2396 1041 2468 excidisse,
1057 2406 1090 2455 ut
1111 2405 1211 2457 tamen

160 2493 299 2570 Iungitur
311 2497 477 2571 coniungens
491 2496 670 2572 relinqueret.

203 2591 278 2651 Mihi
292 2592 429 2670 Iungitur
443 2593 596 2653 manifesto
618 2604 786 2670 corruptum
798 2593 932 2668 uidetur3
947 2592 1000 2653 sed
1014 2592 1085 2671 quid
1099 2596 1157 2653 sub
1175 2613 1211 2654 eo

161 2690 256 2762 lateat,
271 2691 384 2751 haereo,
427 2691 542 2751 Poterat
562 2710 626 2751 esse
647 2690 792 2751 Ducitur:
811 2690 859 2751 uel
879 2691 933 2752 Ius
953 2693 1049 2751 datur.
1089 2692 1169 2751 Illud
1187 2692 1211 2751 si

161 2787 222 2859 fuit,
238 2790 401 2866 scripserim

657 2887 724 2947 him
744 2888 867 2964 hospitis
888 2905 947 2947 una

283 2982 413 3043 Ducitur
431 2995 461 3045 et
480 2985 590 3046 similes
612 2986 793 3064 coniungens
814 2985 918 3046 foedus
939 2987 1060 3059 amicoS,

162 3081 218 3141 hoc
234 3081 258 3140 si
272 3082 427 3159 praeferte,

648 3182 715 3240 huic
735 3182 858 3260 hospitis
877 3201 937 3242 una

284 3277 337 3336 Ius
357 3281 443 3338 datur
463 3288 491 3339 et
512 3278 620 3340 similes
641 3281 824 3356 coniungens
844 3280 948 3341 foedus
968 3281 1088 3342 amicos.

202 3375 257 3435 III.
277 3379 343 3452 169.

282 3474 363 3552 Ergo
384 3494 440 3552 age
461 3495 499 3534 ne
520 3476 591 3534 falsa
612 3476 703 3535 uariet
722 3477 855 3552 genitura
875 3477 977 3553 figura.

203 3575 290 3631 uaria
306 3573 422 3632 codices
437 3582 466 3632 et
483 3573 624 3634 editiones
642 3583 781 3646 uetustae,
797 3575 884 3634 etiam
899 3573 1062 3635 Moliniana
1076 3595 1103 3636 a.
1122 3592 1209 3652 1551.

162 3672 217 3731 nisi
228 3670 308 3748 quod
319 3691 396 3733 uara
411 3671 498 3730 estin
509 3669 608 3730 Voss.1
651 3671 766 3731 Primus
780 3672 810 3732 id
824 3673 927 3734 Carrio
936 3675 1059 3733 correxit
1073 3675 1105 3733 in
1118 3678 1213 3734 uuriet

163 3768 349 3847 AntiqLect.
360 3769 377 3828 i.
390 3784 426 3843 15
443 3769 603 3856 secundum
617 3769 672 3829 III.
689 3790 703 3828 2
708 3790 746 3847 33
761 3769 823 3830 Nec
836 3778 972 3830 nocturna
986 3775 1080 3831 rnr'rrus
1093 3776 1213 3832 uariunt

146 3888 244 3944 ‚quarn
256 3875 377 3944 tempora
398 3869 477 3925 lucri.
521 3866 590 3927 Hoc
605 3868 672 3928 ideo
689 3871 980 3930 commemorandum
994 3870 1063 3930 duxi
1077 3871 1158 3950 quod
1180 3873 1209 3930 in
