2760 4448
175 255 218 340 96
493 269 640 322 moerus
659 258 909 322 ΜΑΝΜΑΛἎΕ

215 445 263 486 uu.
288 429 427 502 374-376
449 428 641 504 explicatione
662 440 740 490 caret
753 431 788 488 ab
807 432 889 499 omni,
912 447 966 488 nec
988 437 1067 488 recte
1086 430 1222 490 traditum

174 535 227 583 est.
269 525 457 584 Documento
468 527 504 584 sit
513 527 612 586 Voss.2
621 528 672 604 qui
683 528 737 586 III.
755 541 811 602 327
828 545 883 604 pro
898 528 934 586 ab
948 529 1026 585 omni
1037 527 1125 587 habet
1138 532 1219 600 adon

174 622 326 683 Eiusmodi
339 624 442 682 uitium
456 635 485 682 et
499 624 547 684 hic
561 626 677 685 codices
691 626 806 684 uidetur
818 625 968 685 inuasisse.
1013 625 1115 685 Scribe

497 742 623 801 namque
644 724 688 784 his
709 725 758 800 qui
780 733 890 799 spectat
910 724 948 782 ab
968 725 1026 783 oris

294 819 455 880 Dimidium
475 841 511 880 ex
533 831 594 881 toto
616 832 728 880 tantum
749 822 828 880 uidet
849 825 920 881 orbe
941 823 1067 883 rotundi.

212 938 241 978 u.
257 921 315 993 376
331 920 457 978 notabile
471 929 515 978 est
529 921 576 978 illi
586 920 667 997 quod
681 921 768 980 habet
786 919 872 980 Voss.1
914 921 1138 982 Gemblacensis
1153 941 1223 982 sane

171 1035 238 1075 cum
253 1013 351 1075 Voss²
371 1017 457 1075 habet
477 1019 555 1075 illum
575 1037 615 1076 sc.
635 1019 787 1077 dimidium
807 1020 910 1077 orbern
929 1019 1002 1078 caeli
1020 1021 1071 1096 qui
1092 1022 1223 1097 superior

171 1126 230 1188 est;
251 1115 303 1174 sed
316 1115 475 1191 elegantius
490 1126 533 1173 est
545 1117 596 1187 illi,
608 1135 669 1174 nou
680 1117 793 1175 datiuus
805 1117 855 1176 sed
866 1118 1037 1176 aduerbium
1051 1115 1104 1196 (sc.
1114 1137 1132 1177 a
1142 1128 1222 1195 parte

170 1212 326 1293 inferiore),
341 1224 370 1274 et
384 1215 455 1274 locis
474 1215 639 1274 addendum
654 1234 729 1293 quos
744 1215 782 1274 ad
797 1215 852 1275 III.
868 1235 925 1291 3ο9
941 1215 1038 1275 adtuli.
1075 1216 1152 1276 Mox
1166 1219 1221 1275 dis·

168 1314 311 1388 lthgut'lur
320 1323 362 1372 est
373 1315 529 1388 ἀφορίζεται.
558 1312 673 1372 Graeca
684 1323 727 1372 est
737 1324 880 1374 structura
889 1316 1039 1389 ἀφορίζεται
1046 1318 1124 1390 μεχρὶ
1132 1317 1221 1387 μέσον.

212 1411 268 1471 ΙΙΙ.
285 1425 342 1487 395
365 1412 406 1470 sic
420 1420 498 1470 extat
511 1413 542 1469 in
556 1411 672 1470 Gembl.

292 1508 486 1587 Quacumque
506 1509 561 1569 hoc
583 1518 663 1586 parte
684 1519 823 1568 terrarum
844 1510 966 1586 quisque
987 1511 1122 1586 requiret,

169 1606 217 1664 hic
248 1607 333 1666 Voss.¹
361 1608 453 1684 parati
484 1606 552 1667 Cur.
584 1605 667 1667 Voss.1
695 1626 767 1684 para
797 1618 937 1667 terrarum
969 1606 1055 1667 Voss?
1082 1617 1166 1685 parat
1193 1618 1220 1667 et

169 1705 372 1764 terrarumbo.

203 1805 291 1877 parti
299 1802 426 1879 Scaliger
441 1814 581 1879 tanquam
593 1823 629 1863 ex
639 1803 846 1863 Gemblacensi
860 1821 928 1862 cum
939 1804 1089 1876 intulisset,
1102 1807 1219 1881 negauit

169 1900 315 1960 Bentleius
329 1902 359 1960 id
372 1901 438 1960 ferri
451 1920 537 1979 posse
552 1904 582 1960 in
598 1902 730 1960 Manilio.
769 1902 870 1961 ‘Parti
881 1902 1002 1961 Plautus
1016 1911 1044 1961 et
1058 1901 1218 1963 Lucretius.

169 1999 228 2059 Sed
242 2000 288 2058 hic
303 2018 364 2058 non
378 2019 462 2077 opus.
498 2000 578 2076 Lege
596 1999 773 2076 Quocumque
786 2002 836 2059 hoc
845 2007 928 2076 parte
942 2003 972 2058 in
986 2008 1131 2059 terrarum
1146 2021 1172 2077 q.
1185 2003 1218 2059 r.’

169 2097 271 2173 Nuper
285 2097 410 2157 Iacobus
417 2101 505 2173 parti
516 2099 674 2169 reuocauit,
686 2109 815 2157 ueterem
830 2115 931 2157 casum
945 2108 988 2158 tot
1001 2101 1102 2157 turbas
1115 2098 1219 2159 fecisse

168 2207 253 2256 ratus.
286 2198 327 2256 At
338 2197 376 2257 H.
392 2201 448 2272 726
465 2198 582 2256 codices
595 2215 656 2256 uon
663 2199 757 2273 parti,
773 2196 825 2255 sed
832 2204 924 2271 partu
938 2206 1104 2272 praestant:
1125 2216 1164 2256 ex
1179 2199 1218 2257 eis

167 2306 265 2354 autem
284 2296 416 2355 ablatiuis
434 2296 464 2352 in
486 2298 500 2352 i
518 2313 592 2372 quos
612 2295 738 2354 Iacobus
760 2295 862 2353 adtulit
883 2296 913 2352 in
929 2295 1031 2354 Iudice
1046 2295 1069 2353 1.
1088 2315 1146 2371 229
1168 2304 1219 2355 toto

167 2396 334 2452 miserabilis
350 2395 418 2461 orbi,
434 2393 471 2450 V.
487 2406 545 2468 279
561 2393 652 2451 Dt‘ues
664 2399 728 2451 erut
743 2413 839 2451 census
857 2396 994 2451 saturatis
1010 2395 1140 2470 gentibus
1159 2395 1221 2452 orbi

167 2490 213 2569 (al.
225 2491 321 2571 orbas),
332 2491 355 2551 Ι.
368 2495 426 2566 813
437 2490 513 2551 Sunt
518 2493 601 2549 eitum
612 2493 681 2549 rari
688 2493 761 2549 sorti
766 2493 871 2549 natales
881 2497 979 2564 euntes,
990 2490 1013 2550 I.
1025 2495 1042 2549 8
1046 2510 1084 2566 32
1094 2490 1218 2550 Arzilior

166 2596 257 2648 terrai
270 2602 361 2666 uapor
373 2597 400 2648 et
411 2591 616 2666 comprenditur
629 2591 702 2664 igni,
718 2589 774 2647 III.
791 2594 848 2648 616
864 2591 905 2647 bis
919 2609 1022 2666 sexque
1031 2592 1148 2666 peracti
1158 2590 1217 2648 Im-

166 2696 279 2746 motura
297 2689 417 2746 trahunt
434 2689 541 2746 natales
559 2698 676 2764 corpora
695 2690 783 2746 morti
793 2684 922 2768 (Gembl.
937 2685 1071 2766 morbus),
1087 2687 1143 2746 IV.
1159 2691 1217 2760 846

165 2790 294 2862 solz'toqus
307 2793 434 2861 exempta
448 2786 603 2863 utgorz'ml.
614 2783 731 2864 nigrore),
744 2804 813 2843 narn
824 2786 974 2862 participia
988 2804 1049 2845 nou
1063 2804 1145 2857 curu,
1158 2787 1217 2844 ueri

165 2886 299 2943 uidentur
313 2902 377 2943 esse
391 2885 463 2942 sorti
474 2884 497 2942 Ι.
513 2888 582 2959 813,
594 2887 659 2960 igni
670 2884 694 2943 Ι.
710 2888 777 2959 832,
788 2885 875 2943 ceteri
890 2884 977 2942 aliam
992 2883 1217 2961 explicationem

164 2984 291 3060 capiunt.
323 2982 375 3041 Sin
385 2985 464 3054 sorn',
476 2985 541 3058 igni
550 2981 675 3042 Manilio
686 2992 835 3060 nequeunt
846 2982 1013 3054 abiudicari,
1022 2983 1117 3058 potuit
1128 2983 1217 3042 etiarn

157 3083 245 3157 parti
253 3080 386 3152 scribere,
398 3080 566 3156 praesertim
581 3080 796 3140 Lucretianum.
824 3078 904 3139 Nam
917 3080 1119 3139 traiectionem
1133 3100 1217 3158 prae·

163 3179 340 3257 positionum
359 3179 454 3256 qualis
471 3188 515 3238 est
528 3181 663 3254 partein
684 3198 745 3239 nou
766 3189 845 3237 amat
865 3190 980 3238 noster:
1008 3196 1105 3255 neque
1126 3179 1159 3238 id
1179 3199 1216 3239 ex

163 3277 405 3354 palaeographica
414 3278 525 3336 ratione
534 3278 773 3337 commendatur:
796 3277 907 3336 facilius
921 3278 1000 3336 enim
1011 3294 1048 3336 ex
1062 3276 1218 3354 multiplici

162 3375 331 3434 diuersitate
350 3376 486 3434 codicum
500 3381 586 3451 parte
605 3383 759 3448 terrarum,
771 3384 847 3450 para
868 3382 1019 3447 terrarum,
1034 3377 1144 3450 parati
1161 3383 1217 3434 ter·

162 3493 272 3542 rarum,
282 3480 374 3550 parat
385 3481 411 3531 et
422 3480 441 3532 t.
457 3463 553 3531 elicias
559 3475 647 3549 parti
657 3473 705 3532 uel
712 3475 812 3549 portei
822 3480 974 3543 terrarum,
989 3489 1078 3548 quam
1085 3480 1172 3548 parte
1185 3477 1218 3531 in

161 3579 313 3631 terrarum.
335 3571 431 3644 Quid?
440 3573 545 3647 parati
551 3571 655 3649 ecquid
664 3571 743 3630 aliud
751 3580 795 3630 est
803 3590 892 3648 quam
896 3570 1216 3647 partiamplificatum?

157 3682 241 3748 para,
257 3670 337 3747 quod
358 3671 388 3728 in
402 3668 503 3730 Voss.2
522 3669 587 3746 legi,
608 3688 707 3729 nonne
727 3679 771 3730 est
792 3688 829 3729 ex
843 3672 931 3745 parti
947 3669 1090 3742 uitiatum,
1104 3690 1125 3728 α
1146 3673 1221 3730 etti

160 3769 328 3829 conlusis1?

208 3890 217 3919 ¹
235 3891 356 3941 Breiterus
367 3890 430 3940 coni.
447 3891 607 3955 Quacumque
618 3891 646 3939 in
653 3897 728 3955 parte
740 3890 783 3939 boc
793 3896 922 3940 terrarum
933 3891 1038 3956 quisque
1049 3891 1169 3956 requiret.
