2760 4448
490 277 637 328 NOCTES
657 276 905 327 MANILIANAE

292 434 402 495 Vltima
422 453 496 512 quae
517 436 628 513 fulgent
648 437 748 495 celeris
769 446 939 512 merguntur
960 437 989 494 in
1011 436 1122 494 umbris

290 531 330 592 Et
351 545 460 610 quanto
481 534 519 592 ad
530 534 650 609 ‘gelidas
671 535 793 611 propius
813 535 878 611 quis
898 535 1010 594 uenerit
1025 547 1121 595 arctos

212 649 271 708 345
292 632 371 690 Tam
392 632 487 708 magis
508 632 635 697 efficiunt
655 632 746 691 oculis
767 633 910 692 brumalia
930 633 1014 710 sigila

292 732 408 808 Vixque
430 741 511 790 ortus
532 749 654 791 occasus
675 732 734 790 erit.

212 847 249 904 34
253 849 270 904 3
279 829 389 887 Vltima
398 848 473 907 quae
482 830 591 905 fulgent
596 850 657 888 cum
666 829 791 888 demoto
805 829 971 908 Vltimaque
981 829 1122 907 effulgent
1135 826 1215 887 Vosa¹

169 928 336 1003 Vltimaque
350 937 378 986 et
386 927 497 1004 fulgent
508 927 576 987 Cus.
595 925 681 987 Voss.⁹
715 928 824 987 Vltima
834 947 908 1006 quae
919 928 1083 1006 effulgente
1119 927 1216 987 celeris

168 1028 248 1084 ambo
270 1027 399 1084 Vosseani
415 1027 530 1085 cetrisb
568 1026 690 1085 caeciso
725 1026 808 1085 citius
821 1026 913 1084 Bentl.
952 1028 1071 1086 umbras
1094 1023 1216 1085 Vosseo.

170 1144 229 1200 344
251 1124 369 1202 quando
396 1123 464 1183 Cus.
495 1123 626 1183 Vossebm'
644 1125 694 1184 bo.
739 1139 797 1200 345
820 1118 946 1184 efficiunt
978 1123 1065 1184 Voss.²
1088 1124 1216 1183 officiunt

175 1223 248 1282 Voss.
276 1222 344 1281 Cus.
364 1222 514 1282 booculis
535 1223 610 1282 codd.
631 1225 723 1281 nostri
732 1230 847 1298 praeter
870 1222 957 1282 Voss?
988 1223 1111 1282 occulos
1132 1216 1216 1282 Voss.²

168 1322 239 1379 unde
266 1321 409 1379 Bentlee‘us
443 1321 601 1379 emendabat
633 1321 776 1396 effugiunt
803 1321 906 1380 oculos
939 1322 1036 1379 collato
1063 1320 1120 1379 Ill.
1158 1325 1214 1396 378

167 1418 279 1496 Effugit
300 1438 370 1496 ergo
391 1420 500 1479 oculos.
543 1422 601 1494 346
624 1430 704 1478 ortus
725 1421 826 1478 codices
848 1421 941 1478 nostri
959 1438 1049 1477 omnes
1068 1419 1139 1479 ortis
1162 1438 1216 1477 non
1240 1439 1242 1443 ·

166 1525 230 1576 ante
243 1518 398 1576 Bentlez'um
412 1538 444 1575 ne
457 1519 487 1576 in
501 1518 745 1577 Bonencontre‘ana
760 1519 867 1594 quedem
881 1521 996 1594 repperi.
1209 1527 1211 1529 ’

210 1635 265 1691 341
278 1615 874 1695 fuigentGemblmumb‚effulgentVoss.¹
887 1614 1214 1693 cumo,etsulgentCus.
1263 1612 1264 1617 ’

168 1709 265 1769 Voss.²
306 1709 434 1770 Iacobus
449 1709 506 1768 hoc
525 1710 664 1787 praetulit,
679 1711 750 1768 mihi
761 1696 882 1787 fulgen
898 1711 996 1789 potius
1013 1710 1215 1786 reponendum

167 1809 288 1868 uidetur.
323 1807 443 1884 Saepius
457 1809 535 1866 enim
549 1808 687 1886 effulgere
699 1809 832 1869 dicuntur
842 1827 918 1886 quae
931 1809 1008 1868 clara
1022 1808 1086 1868 luce
1101 1818 1216 1868 exstant

167 1917 197 1966 et
210 1925 241 1966 se
255 1907 347 1966 oculis
363 1908 444 1984 quasi
464 1908 607 1985 ingerunt,
621 1926 710 1984 quam
728 1927 804 1985 quae
822 1908 897 1968 inter
916 1908 1096 1968 obstruentia
1114 1917 1143 1966 et
1164 1909 1215 1967 ob-

167 2007 271 2065 stantia
288 2005 336 2065 uel
353 2024 389 2064 ex
408 2005 499 2082 longo
521 2006 672 2066 interuallo
697 2025 784 2083 aegre
809 2006 1005 2083 dispiciuntur,
1027 2005 1126 2083 qualia
1148 2017 1215 2066 sunt

165 2105 266 2164 ultima
285 2105 357 2165 haec
377 2104 472 2164 sidera
486 2123 562 2181 quae
576 2106 626 2164 uix
641 2114 707 2164 ante
721 2106 751 2162 in
765 2115 955 2182 conspectum
969 2112 1112 2163 uenerunt
1125 2123 1215 2182 quam

165 2203 394 2280 exstinguuntur.
437 2204 531 2262 celeris
552 2204 633 2281 quod
654 2204 741 2263 habet
758 2203 874 2262 Gembl.
896 2221 963 2263 cum
980 2202 1133 2261 Vossianis
1155 2212 1215 2261 tam

165 2311 262 2378 aperte
282 2319 385 2360 uerum
407 2312 451 2360 est
472 2312 503 2360 ut
526 2305 609 2360 cetrzt
632 2301 679 2360 uel
702 2305 790 2360 caecis
813 2302 894 2379 quod
918 2300 1074 2361 nonnullos
1097 2301 1215 2360 codices

165 2400 270 2458 inuasit
284 2400 356 2459 uitio
370 2409 490 2471 tantum,
506 2399 628 2459 fortasse
643 2418 679 2458 ex
695 2397 777 2470 cel'zt,
787 2409 882 2459 ortum
896 2400 946 2458 uix
962 2399 1092 2459 dubitem
1106 2398 1213 2458 dicere.

165 2498 268 2574 Itaque
282 2499 390 2556 umbris
403 2498 433 2556 in
447 2498 562 2557 umbras
575 2498 746 2557 mutandum
758 2498 819 2570 erit,
835 2499 907 2557 sicut
924 2511 981 2573 373
993 2497 1110 2555 terebret
1123 2515 1214 2573 praue

165 2596 281 2655 Gembl.
296 2597 413 2655 exhibet
430 2613 484 2674 pro
503 2616 540 2656 eo
556 2596 635 2673 quod
651 2614 754 2655 uerum
774 2606 835 2655 erat
853 2597 985 2654 tenebras.
1029 2594 1088 2653 Sed
1104 2595 1134 2653 in
1154 2610 1213 2670 345

164 2694 279 2753 haereo.
335 2693 414 2753 Nam
442 2713 494 2754 eos
507 2752 510 2757 ,
525 2712 663 2753 numeros
694 2693 904 2771 probabilitatis
926 2693 1013 2753 habet
1042 2691 1214 2752 Bentleiana

164 2791 329 2850 emendatio
353 2792 491 2869 effugabat
515 2794 614 2864 ocutos,
635 2792 697 2850 siue
722 2811 758 2850 ex
786 2791 1020 2868 palaeographia,
1045 2790 1107 2850 siue
1132 2791 1214 2868 quod

164 2891 273 2967 optime
298 2891 420 2969 quadrat
448 2891 485 2949 ad
517 2890 697 2962 sententiam,
726 2901 757 2949 ut
785 2889 884 2949 multis
913 2890 998 2949 unice
1027 2907 1098 2948 uera
1121 2889 1214 2948 uideri

164 2990 270 3066 possit:
299 2989 445 3071 habetque
469 2989 579 3062 Vosst,
596 2990 642 3048 cui
669 2989 841 3066 plemmque
868 2999 899 3047 ut
927 2988 1041 3047 sincero
1068 2997 1098 3046 et
1123 2988 1215 3046 inter-

163 3087 358 3163 polationibus
390 3088 497 3147 carenti
527 3089 656 3146 maxima
686 3087 757 3146 fides
789 3097 841 3158 est,
874 3085 1069 3146 accusatiuum
1100 3088 1213 3145 accretas.

164 3183 228 3245 Nec
253 3196 352 3245 tamen
375 3186 450 3246 adeo
475 3187 626 3263 explorata
651 3205 697 3246 res
721 3195 764 3244 est
788 3195 822 3244 ut
846 3186 969 3244 alterum
994 3184 1065 3243 illud
1092 3185 1216 3262 officum

163 3286 258 3357 oculei,
273 3285 303 3342 in
319 3303 378 3362 quo
401 3286 568 3362 conspirant
584 3295 627 3344 tot
646 3296 706 3344 tam
727 3285 798 3344 boni
819 3285 943 3357 codices,
959 3283 1147 3343 abiciendum
1168 3284 1213 3343 sit.

162 3383 243 3455 Quid
258 3382 281 3442 si
296 3383 462 3459 significarit
475 3394 570 3460 poeta
586 3401 645 3461 quo
664 3384 784 3460 propius
804 3383 841 3442 ad
860 3369 953 3442 arctos
974 3381 1138 3452 accedatur,
1154 3381 1213 3442 hoc

161 3481 256 3558 magis
277 3480 411 3539 hiemalia
428 3481 521 3540 sidera
539 3481 631 3541 oculis
650 3481 765 3540 officere
784 3480 893 3565 lumine
909 3480 1022 3538 incerto
1038 3488 1067 3538 et
1083 3480 1166 3539 breui
1183 3491 1213 3538 et

161 3599 229 3638 cum
240 3581 289 3639 uix
299 3580 329 3638 in
340 3589 531 3656 conspectum
542 3580 662 3650 uenerit,
674 3579 813 3639 continuo
825 3597 856 3638 se
867 3578 1039 3638 occulente?
1067 3576 1149 3636 Nam
1161 3579 1213 3656 qui

162 3697 247 3755 aegre
262 3697 316 3737 nec
336 3677 398 3737 sine
413 3696 527 3737 summa
542 3678 728 3736 contentione
742 3677 821 3736 sidus
836 3677 866 3736 in
881 3676 964 3736 caelo
979 3677 1134 3753 conspicit,
1149 3678 1212 3737 eius

161 3777 251 3836 oculis
266 3777 387 3837 officitur
401 3777 464 3837 siue
478 3776 636 3835 obstructio
648 3775 688 3847 fit,
700 3794 768 3835 cum
782 3775 876 3834 aciem
891 3776 921 3834 in
935 3775 1071 3835 ulteriora
1082 3776 1210 3849 mittens,

162 3893 222 3934 nou
243 3876 339 3935 statim
360 3875 389 3933 id
410 3874 489 3952 quod
512 3874 622 3951 quaerit
644 3874 780 3946 inueniat,
802 3892 891 3952 saepe
913 3893 949 3933 ne
973 3875 1065 3952 possit
1090 3875 1210 3951 quidem
