2760 4448
167 278 212 366 36
476 292 628 345 NOCIES
647 290 901 345 MANILIANAE

168 485 255 545 ‘The
277 484 334 545 end
356 483 391 545 of
411 484 512 564 spring
531 483 591 546 and
610 485 660 547 the
681 486 845 566 beginning
866 486 901 547 of
921 504 1052 548 summer
1067 495 1163 549 count
1189 506 1224 550 as

167 580 271 662 equal’

206 683 372 758 II.187,8

288 781 353 841 Nec
374 800 435 840 non
456 780 629 842 Arcitenens
649 782 699 860 qui
721 792 749 841 te
772 781 953 860 Capricome
974 783 1030 842 sub
1051 782 1118 861 ipso

289 880 443 950 Promittit‚
466 880 573 957 duplici
594 880 736 940 formatus
757 881 885 957 imagine
906 881 1003 961 fertur.

209 977 400 1037 Scribendum
414 989 459 1037 est
471 981 538 1054 quia
554 981 694 1039 ‘because
714 979 808 1040 under
827 978 872 1038 his
893 997 960 1038 own
980 978 1055 1039 form
1077 978 1115 1039 he
1135 979 1222 1056 gives

165 1075 289 1136 forecast
303 1077 336 1136 os
348 1075 529 1153 Capricorn’
571 1075 641 1136 Non
657 1077 747 1136 credo
761 1076 812 1136 sub
832 1079 892 1153 ipso
905 1095 970 1137 esse
982 1084 1050 1154 post
1068 1079 1170 1154 ipsum,
1187 1086 1221 1138 ut

166 1175 318 1234 uoluerunt
331 1183 399 1252 post
413 1174 578 1234 Bentleium
593 1175 649 1235 alii.

145 1346 149 1352 ι
207 1273 249 1332 ΙΙ.
267 1289 415 1349 197-202,
434 1293 573 1349 223-229
589 1274 631 1333 sic
645 1282 746 1332 extant
760 1273 790 1332 in
805 1273 921 1334 Gembl.

289 1371 379 1444 Quod
401 1372 455 1431 tria
476 1373 560 1448 signa
581 1391 691 1431 nouem
712 1372 804 1448 signis
825 1372 982 1430 coniuncta
1002 1382 1170 1450 repugnant
1200 1396 1203 1401 ’

287 1470 326 1529 Et
347 1471 430 1548 quasi
452 1471 555 1530 seditio
576 1470 689 1529 caelum
710 1479 790 1530 tenet
811 1471 910 1546 aspice
932 1469 1066 1529 Taurum

289 1569 431 1628 Clunibus
452 1578 480 1628 et
500 1569 633 1644 geminos
654 1569 776 1647 pedibus
797 1568 941 1628 testudine
961 1587 1101 1628 cancrum

208 1686 267 1728 200
289 1667 413 1744 Surgere
435 1684 503 1725 cum
525 1667 610 1725 rectis
631 1668 760 1726 oriantur
781 1676 877 1726 cetera
896 1668 1026 1726 menbris

287 1765 353 1824 Nec
374 1765 479 1825 mirere
500 1783 597 1823 moras
620 1784 688 1824 cum
710 1766 753 1825 sol
774 1765 898 1824 aduersa
918 1785 971 1843 per
993 1775 1071 1825 astra

288 1864 444 1923 Aestiuum
465 1865 553 1922 tardis
573 1849 693 1924 attollat'
706 1866 856 1924 mensibus
877 1883 997 1925 annum.

209 1981 265 2038 199
288 1964 411 2039 pedibus
438 1964 573 2038 geminos
605 1963 740 2022 Vosszbnz'.
793 1982 849 2022 201
874 1962 920 2021 Ne
942 1961 1028 2024 Voss}
1042 1962 1096 2023 bo.
1146 1961 1216 2023 Neu

163 2059 257 2139 Neap.
298 2080 401 2147 auersa
414 2060 589 2120 Bullzizldus.
635 2080 689 2119 2ο2
713 2061 817 2120 attollit
834 2061 972 2133 Vossz'am',
988 2061 1004 2120 d
1018 2081 1042 2121 o.

207 2180 348 2237 ²23·²29

287 2259 378 2332 Quod
399 2259 540 2318 nonnulla
560 2260 614 2318 sibi
635 2259 716 2318 nullo
738 2268 919 2319 monstrante
940 2258 1100 2335 loquuntur

286 2357 428 2435 Neptuno
449 2358 554 2417 debere
574 2376 668 2434 genus
690 2357 862 2434 scopulosus
883 2358 913 2416 in
933 2357 1021 2416 undis

207 2473 264 2533 225
287 2456 403 2516 Cancer
423 2465 452 2515 et
472 2456 565 2516 effuso
586 2456 748 2532 gaudentes
768 2456 799 2513 in
819 2474 945 2533 aequore
966 2455 1063 2533 pisces

286 2553 327 2613 Vt
348 2573 424 2632 quae
444 2564 560 2613 terrena
580 2563 737 2614 censentur
758 2554 862 2630 sydera
882 2563 960 2613 sorte

286 2652 426 2729 Princeps
446 2653 569 2711 armenti
590 2662 691 2712 taurus
712 2670 862 2729 regnoque
884 2653 1027 2728 superbus

286 2749 425 2826 Lanigeri
445 2751 544 2828 gregis
565 2759 610 2810 est
630 2751 704 2810 aries
725 2751 871 2827 positique
892 2751 1018 2809 duorum

286 2848 502 2926 Praedatorque
523 2848 570 2908 leo
590 2848 722 2908 dumosis
744 2848 876 2925 scorpius
897 2849 984 2908 aruis.

205 2966 263 3024 ²²3
285 2947 337 3006 tibi
351 2946 445 3005 Bentl.
490 2966 547 3019 224
569 2947 732 3024 populosus
745 2946 840 3006 Bentl.
855 2946 931 3005 Sane
944 2949 975 3006 sz‘
983 2944 1120 3020 πετραίους
1135 2944 1212 3027 (Aet.

161 3045 204 3105 H.
215 3046 254 3107 Α.
269 3047 314 3103 νίἱ.
331 3048 382 3117 24)
398 3047 444 3104 hic
457 3046 635 3122 significauit
646 3045 802 3116 Manilius,
812 3046 924 3103 uidetur
938 3047 995 3105 uz'ac
1009 3047 1095 3104 lalzite
1108 3046 1216 3106 locutus

161 3164 225 3217 esse,
240 3145 278 3220 ιβ
291 3151 381 3202 tamen
396 3147 502 3216 εἷαρόεις
513 3155 571 3220 pro
584 3163 669 3202 uerno
684 3146 714 3201 in
725 3143 866 3203 Maximo
881 3151 908 3202 et
923 3144 1093 3203 Manethone
1108 3142 1216 3223 (Max.

163 3245 230 3315 281,
245 3243 396 3315 Ludwicll,
414 3241 544 3302 Manelh.
560 3244 595 3300 iv.
613 3256 671 3317 275
693 3248 772 3316 Κριοῦ
793 3243 815 3299 τ’
835 3242 999 3321 εἰαρόεντος),
1014 3245 1144 3317 palpandus
1156 3253 1216 3320 pro

165 3343 278 3400 caelesti
300 3340 429 3399 Maneth.
453 3354 519 3416 273.
567 3357 625 3416 225
647 3341 677 3397 in
698 3359 824 3418 aequore
845 3343 942 3399 uzizbse
961 3342 1037 3399 codd.
1052 3348 1170 3417 praeter
1189 3342 1215 3414 b,

161 3458 289 3518 aequore
300 3440 325 3498 b.
363 3443 420 3498 228
435 3439 595 3517 positisque
612 3438 680 3498 Cus.
699 3438 831 3498 Vosszimc'
842 3440 890 3512 ob,
902 3440 1071 3517 positusque
1085 3438 1215 3515 Regiam.

160 3539 310 3617 hostisque
329 3537 459 3613 Scaliger
471 3537 618 3614 pestisque
637 3535 797 3596 Gronour'us
814 3537 958 3596 Obseruat.
974 3538 1014 3596 iii.
1030 3552 1067 3612 15
1087 3539 1214 3616 adstzptu·

159 3639 233 3697 Iante
245 3637 379 3695 Bentlezb.
424 3655 481 3710 229
504 3636 618 3694 rimosis
634 3634 761 3694 Iacobus.

201 3755 249 3796 un.
266 3750 332 3813 197,
346 3753 413 3809 223,
426 3734 594 3810 conspirant
609 3734 724 3794 codices
739 3735 769 3792 in
787 3733 873 3806 Quod.
896 3735 932 3795 Id
945 3735 1073 3811 Scaliger
1086 3737 1213 3797 mutauit

161 3836 191 3893 in
219 3835 302 3907 Ouzia,
326 3833 554 3893 adsentientibus
578 3833 689 3892 cunctis
708 3833 758 3910 qui
784 3832 899 3892 Manilii
922 3853 1031 3911 poema
1053 3833 1214 3895 ediderunt.

159 3934 250 4011 Atqui
264 3951 382 4010 perraro
391 3933 464 3991 inter
475 3949 506 3990 se
522 3931 740 3991 confunduntur
749 3932 829 4008 quod,
838 3934 915 4008 quin.
938 3932 1109 3993 Videndum
1123 3932 1213 4010 igitur
