2760 4448
241 326 283 375 20
550 317 698 369 NOCTES
718 316 970 367 MANILIANAE

239 495 357 557 uinculo
378 494 461 568 dicat,
475 502 562 571 neget
576 504 673 553 autem
687 493 743 552 nisi
759 493 832 552 deus
846 493 977 570 corporis
996 492 1134 554 custodiis
1149 493 1293 555 leuauerit

239 596 349 655 aditum
364 594 430 653 illuc
446 593 582 670 cuiquam
596 603 695 669 patere
712 591 773 671 (15.
789 591 848 667 15).
891 593 949 653 Sed
968 611 1029 652 non
1045 593 1122 652 idem
1140 602 1184 652 est
1197 600 1295 652 terrae

239 695 364 764 ramesse,
388 702 420 752 ut
449 691 617 751 Gronouius
645 691 755 768 putauit
784 687 921 769 (Obseru.
943 692 961 750 i.
980 691 1039 771 ιι),
1061 692 1142 769 quod
1168 710 1186 751 a
1213 701 1293 751 terra

239 794 367 863 remissa,
378 791 461 850 cuius
476 799 634 850 structurae
649 789 760 848 nullum
774 790 843 849 satis
857 790 995 850 idoneum
1010 801 1088 850 extat
1103 791 1293 867 exemplum:

239 901 282 951 est
310 891 407 968 potius
435 889 652 948 excusationem
676 888 812 946 habentia
833 887 949 948 ulterius
977 890 1008 947 in
1035 890 1118 948 terris
1145 889 1294 960 morandi,

239 989 382 1048 ‘excused
401 990 448 1048 the
468 985 565 1047 earth.’
609 987 715 1048 Similis
730 995 773 1045 est
787 1004 857 1045 usus
872 987 960 1047 datiui
973 987 1052 1064 apud
1067 988 1162 1047 Tacit.
1177 987 1257 1046 Ann.
1272 989 1293 1044 i.

244 1107 277 1147 12
298 1108 469 1164 nequaquam
485 1088 609 1146 decorum
624 1087 734 1162 pudori
744 1103 793 1142 suo
806 1086 893 1161 legere
906 1088 1020 1162 aliquid
1030 1093 1082 1144 aut
1092 1089 1196 1145 euitare
1209 1106 1251 1146 ex
1263 1106 1295 1143 aa

240 1188 291 1244 cuc'
301 1188 330 1244 iu
345 1188 506 1244 um'mrsum
520 1187 660 1245 excusari
670 1185 769 1243 mallet.
816 1184 895 1243 Nam
914 1194 945 1243 ut
958 1185 999 1242 ibi
1015 1195 1170 1243 excusatur
1186 1185 1294 1261 aliquis

240 1284 282 1344 rei
307 1285 355 1362 qui
379 1302 445 1343 eam
473 1284 553 1343 obire
581 1302 641 1342 non
666 1285 787 1360 cogitur,
813 1285 854 1345 sic
876 1284 916 1355 in¹
929 1283 1042 1342 Manilii
1063 1301 1148 1343 uersu
1171 1284 1296 1342 nomina

240 1385 357 1441 remissa
379 1382 512 1442 dicuntur
535 1387 626 1440 terrac
648 1399 723 1458 quae
747 1382 965 1442 excusationem
989 1374 1098 1441 habent
1122 1400 1159 1439 ne
1184 1381 1215 1438 in
1238 1382 1296 1440 hac

241 1481 347 1541 diutius
368 1490 563 1541 coerceantur.
607 1479 730 1538 Inuersa
745 1491 885 1540 structura
902 1479 1013 1538 Seneca
1029 1478 1169 1538 Controu.
1183 1479 1230 1537 vii.
1248 1481 1296 1550 16,

241 1598 270 1657 p.
286 1581 341 1652 184
357 1579 481 1637 Bursian
496 1577 566 1635 dixit
581 1578 697 1636 culleum
720 1578 794 1637 malci
810 1579 915 1638 remitte
931 1597 985 1655 pro
1001 1577 1134 1654 permitte
1151 1594 1189 1636 ne
1203 1578 1297 1654 parri-

241 1677 323 1736 cidae
337 1687 430 1736 morte
445 1694 572 1753 peream.

283 1774 306 1833 1.
322 1779 389 1849 765,
407 1777 424 1833 6

607 1855 803 1934 Danaumque
824 1857 862 1916 ad
883 1857 1027 1933 Pergama
1048 1875 1131 1934 reges
1226 1875 1229 1882 ’

324 1953 447 2019 †Castra
467 1953 575 2013 ducum
596 1963 625 2015 et
647 1955 719 2013 caeli
740 1956 906 2032 uictamque
927 1957 981 2014 sub
1003 1955 1134 2015 Hectore
1155 1955 1288 2015 Troiam.

245 2051 319 2111 Sunt
340 2053 445 2130 quibus
458 2071 528 2111 uera
542 2052 672 2112 uideatur
692 2050 814 2112 Bentleii
835 2053 1004 2113 emendatio
1023 2053 1200 2112 Assaracum
1216 2060 1301 2131 atquc

243 2151 321 2210 Ilum
332 2151 524 2228 telamqucsub
532 2150 653 2210 Hectore
664 2150 788 2210 Troiam.
810 2152 905 2211 Nobis
917 2170 1037 2230 quoque
1049 2153 1135 2212 ualde
1147 2152 1301 2232 placuerat

243 2251 371 2328 primum
388 2251 505 2326 cognita
516 2269 524 2322 ;
546 2262 612 2326 post
627 2250 791 2327 diligentius
811 2251 997 2328 exigentibus
1017 2269 1080 2310 non
1101 2261 1216 2311 tantum
1237 2262 1300 2310 arte

243 2349 384 2409 excellere
399 2357 540 2427 quantum
561 2348 649 2424 longe
664 2348 819 2408 abhorrere
834 2367 852 2407 a
866 2367 937 2407 uero
952 2349 1016 2408 uisa
1029 2360 1081 2408 est.
1115 2349 1195 2421 Quid
1217 2350 1299 2408 enim

244 2446 291 2506 hic
315 2447 424 2507 iaciunt
445 2446 558 2522 Ilusque
578 2446 793 2522 Assaracusque
814 2454 841 2505 et
866 2446 967 2506 Troiae
988 2447 1149 2507 Dardanus
1173 2453 1302 2507 auctor?

244 2544 387 2623 Loquitur
415 2563 485 2604 sane
513 2544 651 2604 Manilius
677 2545 714 2604 de
739 2545 885 2618 Troianis
909 2545 960 2605 sed
988 2546 1200 2606 decertantibus
1229 2566 1300 2606 cum

244 2642 328 2703 hoste
341 2662 396 2720 pro
410 2643 502 2701 Troia
523 2660 593 2715 sua3
615 2642 687 2700 nihil
707 2643 745 2701 ad
766 2661 827 2702 rem
848 2642 901 2701 fuit
921 2643 968 2702 hic
990 2645 1109 2721 stirpem
1129 2663 1233 2722 regum
1253 2646 1300 2704 in·

246 2741 358 2801 ducere.
402 2740 460 2799 Sed
474 2760 511 2799 ne
525 2740 768 2819 palaeographiae
790 2741 911 2819 quidem
932 2741 1044 2818 legibus
1065 2743 1147 2802 omni
1161 2762 1198 2802 ex
1216 2754 1301 2820 parte

245 2840 411 2917 respondet.
454 2839 536 2910 Est0‚
558 2838 666 2898 factum
692 2840 728 2898 sit
756 2839 861 2899 Castra
882 2840 982 2898 ducum
1003 2859 1040 2899 ex
1060 2841 1247 2914 Assaracum,
1269 2853 1301 2902 at

246 2937 397 3016 quomodo
412 2956 553 3006 nronvu
572 2956 609 2996 ex
627 2956 752 2998 ruerunt
773 2938 820 2996 uel
841 2957 988 3000 arcanum
1008 2940 1242 3017 extorquendum
1264 2942 1302 2999 sit

247 3054 342 3111 neque
371 3035 527 3095 Stoeberus
555 3036 694 3096 intellexit
722 3054 820 3113 neque
847 3054 904 3112 ego
932 3037 1086 3114 perspicio.
1129 3037 1253 3115 Propius
1283 3058 1302 3098 a

247 3134 346 3193 litteris
368 3135 482 3194 abesset
502 3135 733 3210 Assaracumque
754 3134 801 3192 Ilc'
819 3145 851 3194 ut
876 3154 912 3194 ex
936 3135 981 3194 Ilo
1001 3135 1162 3194 Assaracus
1186 3138 1303 3214 genitus

248 3233 397 3293 diceretur.
439 3234 591 3292 Postremo
605 3240 688 3292 latam
703 3234 757 3291 sub
780 3233 910 3317 Hectore
929 3234 1052 3293 Troiam
1072 3236 1145 3294 mire
1161 3234 1303 3297 Manilius

248 3333 321 3391 dixit
342 3331 465 3391 Homeri
486 3349 604 3390 uersum
625 3332 782 3409 respiciens
805 3333 838 3391 Il.
852 3334 888 3391 vi.
905 3351 962 3408 403
980 3330 1033 3392 alos
1045 3337 1096 3409 γὰρ
1114 3334 1203 3407 ἐρύετο
1218 3336 1305 3392 Ἴλιον

241 3433 354 3504 Ἕκτωρ,
366 3448 434 3489 cum
447 3430 562 3506 planius
576 3448 611 3488 ac
626 3431 729 3488 melius
743 3437 831 3489 tutam
846 3430 886 3511 (ii.
902 3430 933 3509 3)
949 3432 1076 3491 dicturus
1091 3442 1166 3490 esset
1178 3451 1185 3491 :
1207 3453 1305 3512 neque

248 3529 323 3588 ullus
346 3527 481 3586 codicum
503 3535 586 3585 talam
618 3527 745 3600 exhibet,
768 3530 819 3588 sed
849 3548 952 3590 omnes
983 3533 1096 3589 m'ctam.
1138 3530 1251 3590 Verum
1272 3544 1305 3593 ut

248 3628 389 3686 incertum
405 3645 452 3684 me
466 3625 554 3684 habet
568 3625 739 3685 Bentleiana
753 3628 929 3702 emendatio,
944 3630 982 3689 ita
997 3629 1067 3687 nihil
1081 3630 1208 3707 suppetit
1222 3632 1305 3709 quod

250 3725 287 3785 de
300 3743 368 3785 meo
382 3725 536 3804 proferam.
578 3724 771 3802 Temptaram

543 3843 654 3885 casnm
674 3844 772 3887 nvcvn
791 3845 947 3895 rxsuovrns

251 3921 332 3982 cuius
352 3942 431 3984 nunc
453 3942 501 3983 me
523 3924 657 4001 paenitet.
