2760 4448
170 238 212 302 66
476 249 625 300 nocrxs
644 247 893 299 MANJLJANAE

169 429 238 472 cum
251 411 334 471 uario
349 429 433 470 curru
443 409 482 472 ita
495 411 638 471 consentit
651 420 682 469 ut
695 408 773 469 idem
786 408 862 469 dicat
875 407 964 471 aliter.
996 406 1139 486 Properat
1151 406 1209 468 uita'

168 528 220 588 per
233 509 344 569 uariam
358 510 460 570 seriem
470 527 574 582 rerum,
584 510 635 569 sed
645 509 704 568 uita
715 518 836 580 matura,
848 526 909 567 non
919 505 1149 578 adulescentum,
1159 507 1209 585 qui

168 608 338 686 plerumque
352 617 450 668 carent
463 608 595 686 negotiis,
608 626 663 668 nec
676 624 787 679 senum,
803 606 852 684 qui
868 605 993 682 negotiis
1006 605 1065 665 iam
1079 603 1208 666 defuncti

168 717 242 766 sunt.

209 803 248 864 IL
264 807 328 958 8ibet
348 916 406 976 qua
426 898 572 976 perficitur
593 915 694 958 cursus
714 896 852 959 redeunte
872 897 927 957 sub
948 896 1020 956 imo.

208 997 303 1057 Immo
317 999 453 1056 redeuntis
467 998 502 1057 ab
516 998 570 1057 rino
578 1017 589 1056 .·
609 997 688 1058 idem
700 996 804 1055 uitium
817 995 886 1055 alibi
900 994 1091 1056 correximus.

206 1095 247 1155 ΙΙ.
262 1097 320 1170 856
337 1113 400 1174 sqq.

288 1192 385 1253 Omne
406 1193 523 1272 quidem
544 1191 659 1270 signum
680 1192 734 1252 sub
755 1191 950 1269 qualicunque
971 1191 1066 1268 figura

287 1291 419 1351 Partibus
440 1292 562 1351 inficitur
582 1291 692 1363 mundi,
714 1290 795 1350 locus
816 1291 942 1367 imperat.
958 1289 1041 1349 astris

285 1389 325 1449 Et
345 1388 429 1450 dotes
449 1407 616 1466 noxamque
636 1389 719 1448 facit:
742 1398 893 1447 uertuntur
913 1389 944 1447 in
957 1390 1070 1468 ¹orbem

287 1487 406 1564 Singula
426 1499 455 1547 et
475 1488 619 1565 accipiunt
639 1488 715 1547 uires
735 1486 875 1564 caeloque
895 1487 1051 1546 remittunt.

286 1585 385 1644 Vincit
405 1586 483 1645 enim
505 1586 625 1655 †natura
644 1603 746 1662 genus,
767 1584 904 1662 legesque
925 1585 1068 1645 ministrat

284 1683 403 1743 Finibus
424 1684 454 1742 in
474 1684 606 1761 propriis.

94 1766 96 1771 ¹
203 1781 324 1842 Natura
350 1782 415 1843 loco
437 1801 497 1842 non
522 1783 673 1842 conuenit:
702 1783 833 1858 porriura
854 1782 935 1860 quod
962 1781 1090 1841 Iacobus
1115 1781 1204 1841 edidit

164 1881 250 1940 nimis
272 1880 377 1940 recedit
402 1899 419 1939 a
446 1880 545 1940 litteris
573 1880 714 1940 codicum.
757 1880 890 1940 Fortasse
913 1899 1052 1951 mensura,
1079 1879 1154 1938 sicut
1175 1881 1203 1938 in

163 1978 218 2038 111.
231 1991 287 2052 ²7²
304 1998 434 2037 mensura
448 1978 477 2037 in
491 1997 582 2056 marg.
594 1978 711 2050 Cusani,
724 1985 829 2037 nutura
841 1979 871 2036 in
885 1996 971 2062 uersu
984 1988 1035 2037 est.
1064 1977 1203 2038 Mensura

162 2088 206 2138 est
220 2078 383 2138 distributio
397 2077 519 2156 partium
534 2078 604 2138 caeli
619 2095 694 2155 quae
709 2076 855 2137 metiendo
868 2077 908 2137 fit.

204 2175 243 2238 11.
263 2179 320 2248 864
336 2194 399 2253 sqq.
950 2243 953 2250 ,

285 2274 370 2346 Quae
391 2293 476 2351 super
496 2284 627 2333 exortum
649 2283 694 2334 est
713 2292 731 2334 a
752 2292 867 2334 summo
888 2273 970 2333 tertia
990 2272 1073 2334 caelo

205 2375 262 2451 865
284 2372 389 2432 Infelix
406 2373 488 2449 regio
510 2374 653 2449 rebusque
674 2372 791 2431 inimica
811 2372 913 2431 futuris

283 2469 321 2531 Et
341 2470 411 2530 uitio
432 2469 556 2529 fecunda
576 2470 679 2543 nimis;
700 2489 753 2529 nec
775 2469 845 2541 sola,
867 2469 919 2529 sed
938 2468 979 2528 illi

285 2569 342 2628 Par
362 2569 415 2628 erit
435 2568 557 2627 aduerso
577 2586 653 2644 quae
672 2567 762 2645 fulget
783 2568 875 2628 sidere
896 2567 988 2640 sedes,

283 2665 389 2726 Iuncta
408 2667 463 2726 sub
484 2684 609 2738 occasu;
629 2684 686 2725 neu
706 2675 832 2744 praestet
850 2667 967 2726 cardine
988 2666 1100 2738 mundi,

284 2763 413 2842 Vtraque
434 2775 582 2841 praetenta
603 2762 690 2823 fertur
710 2764 820 2825 deiecta
840 2765 932 2823 ruina.

204 2858 369 2940 si(yo)dera
382 2873 440 2939 pro
460 2863 541 2920 tertia
564 2861 661 2921 Cuuo
702 2865 760 2920 868
782 2881 840 2921 neu
864 2861 968 2936 Gembl.
990 2861 1074 2921 lbos}
1098 2861 1202 2922 Caco

163 2977 224 3018 non
244 2958 328 3018 Voss.¹
362 2969 468 3036 prestet
484 2959 551 3019 Cur.
573 2957 657 3018 Voss.1
684 2960 782 3037 prestit
803 2958 887 3019 Voss.²
914 2970 1041 3037 praestat
1059 2959 1165 3021 Gembl.

204 3056 282 3116 Dicit
295 3057 340 3117 hic
356 3056 493 3118 Manilius
508 3058 545 3116 de
558 3058 724 3135 regionibus
737 3078 790 3118 v111
805 3077 879 3136 quae
893 3058 1057 3118 cardinibus
1071 3078 1101 3118 rv
1113 3059 1201 3118 inter·

162 3157 273 3234 positae
287 3157 398 3216 iacent:
419 3167 448 3217 et
461 3156 578 3234 quidem
592 3157 628 3216 de
643 3157 817 3217 duodecima
831 3177 865 3217 ac
880 3167 967 3216 sexta.
1009 3155 1201 3230 Duodecim,

163 3274 181 3314 a
196 3274 309 3315 summo
325 3256 405 3316 caelo
419 3257 500 3315 tertia
514 3274 548 3315 ac
563 3274 648 3333 super
662 3264 794 3315 exortum
808 3256 871 3328 sita,
883 3255 1036 3315 aduersam
1050 3255 1104 3313 sibi
1114 3255 1202 3315 habet

163 3354 217 3413 sub
239 3372 343 3414 occasu
365 3364 491 3426 sextam;
517 3372 607 3431 quam
628 3371 689 3413 rem
710 3352 807 3413 uidere
822 3363 864 3413 est
879 3354 910 3412 in
930 3352 1027 3415 tabula
1046 3372 1080 3413 111
1094 3352 1201 3413 lacobi.

163 3452 246 3511 Haec
270 3452 412 3528 posterior
433 3452 521 3528 priori
542 3452 582 3510 illi
606 3451 795 3511 duodecimae
816 3452 919 3512 dicitur
943 3453 1047 3523 abacta,
1069 3448 1120 3531 (cf.
1143 3454 1199 3525 871

161 3548 223 3608 Nec
237 3550 333 3608 melior
347 3559 431 3626 super
444 3568 564 3622 occasus,
579 3557 724 3626 contraque
743 3551 793 3608 sub
808 3557 871 3609 ortu
887 3548 958 3609 Sors
971 3550 1071 3626 agaim
1091 3548 1203 3628 munde)

162 3648 230 3725 quia
243 3648 315 3706 inter
330 3665 360 3708 se
374 3656 476 3706 mutuo
490 3646 665 3723 respondent
679 3665 715 3706 ex
729 3648 879 3707 contrariis
892 3648 1020 3725 partibus
1031 3647 1112 3720 caeli,
1129 3649 1203 3707 sicut

162 3764 236 3820 quae
257 3755 390 3805 secuntur
408 3765 460 3804 v111
474 3756 503 3804 et
517 3765 555 3805 11:
577 3765 670 3823 neque
690 3746 757 3806 ideo
777 3746 950 3806 duodecima
963 3752 1088 3823 praestat
1102 3757 1202 3807 sextae

162 3843 243 3919 quod
266 3853 309 3903 est
330 3844 408 3902 iuxta
429 3842 577 3902 cardinem
598 3843 735 3904 Mercurii
761 3845 823 3904 siue
849 3844 1056 3921 Horoscopon,
1080 3861 1118 3902 ex
1140 3861 1201 3922 quo
