2760 4448
161 297 204 363 70
466 291 615 343 NOCTES
634 289 883 341 MANILIANAE

162 463 281 530 sumpta
300 451 457 514 occasione
479 452 521 511 sic
542 450 580 510 ad
600 451 750 528 regionem
772 469 811 522 m,
826 468 901 528 quae
921 467 1039 510 summo
1059 449 1146 512 caelo
1165 461 1208 511 est

162 552 305 629 proxima,
319 549 495 622 transeundi,
507 549 565 608 hoc
580 567 684 609 sensu:
707 548 764 607 ‘At
777 548 946 626 quaeregio
955 548 1086 626 uestigiis
1095 549 1207 608 instans

163 648 321 726 Typhonis
333 649 412 708 uiam
425 649 463 708 ad
477 647 593 709 excelsa
606 647 680 706 caeli
693 647 836 706 adfectat:
847 647 856 672 '
876 664 947 705 nam
959 646 985 705 is
999 647 1055 705 iter
1067 647 1166 707 moliri
1178 648 1208 706 in

165 746 325 824 Olympum
338 757 460 806 conatus
473 757 543 806 erat
584 745 727 824 Reylantzi
740 744 843 804 eadem
856 763 993 803 mensura
1006 745 1137 821 positum
1151 763 1209 823 qua

164 841 279 920 reflexit
290 840 368 917 apud
381 839 494 899 Lucret
507 840 546 898 iii.
562 854 630 914 501,
644 839 827 917 reflorescente
839 838 918 915 apud
933 837 982 896 Sil
995 857 1043 896 xv.
1059 835 1144 920 738]

206 936 274 998 Non
287 939 318 997 in
332 958 379 996 nec
394 937 585 1015 deprauatum
598 945 650 1008 est,
664 937 741 995 utin
755 936 823 996 loco
836 936 1003 996 difficillimo
1016 937 1041 995 Ι.
1058 950 1170 1013 70-72.

589 1035 741 1112 uariosque
762 1035 823 1094 dies
844 1035 1010 1112 incertaque
1030 1037 1130 1094 noctis

288 1135 446 1212 Tempora,
467 1154 522 1192 non
543 1134 650 1192 similes
669 1134 796 1203 umbras,
817 1133 876 1192 iam
895 1133 956 1192 sole
977 1151 1119 1209 regresso,

287 1235 352 1293 lam
372 1234 516 1309 propiore,
537 1232 596 1291 suis
617 1240 752 1307 poterant
772 1230 946 1308 dignoscere
966 1230 1071 1290 causis.

166 1331 216 1391 ubi
229 1331 259 1391 in
273 1331 411 1391 omnibus
424 1330 510 1390 codd.
521 1350 570 1388 nec
583 1329 712 1389 traditur.

208 1430 247 1489 11.
263 1430 322 1489 886

288 1526 437 1600 Quocirca
457 1526 577 1585 minime
598 1525 702 1584 mirum
724 1525 749 1584 si
769 1524 906 1602 proxima
928 1542 1046 1585 summo

287 1626 384 1701 Atque
405 1624 508 1683 eadem
528 1624 645 1683 interior
665 1624 832 1682 ueneranda
852 1633 928 1682 sorte
950 1622 1071 1682 dicatur.

209 1723 257 1782 Sic
271 1721 387 1780 Gembl.
402 1731 430 1781 et
446 1723 532 1781 ceteri
549 1721 666 1781 codices
680 1721 734 1780 nisi
748 1709 858 1800 quod'o
871 1721 959 1781 habet
972 1723 1212 1782 miru'rneimirum.

169 1819 273 1880 Fuitne
287 1822 399 1879 minime
412 1821 445 1878 id
456 1822 581 1879 mirum

212 1921 281 1994 897,
296 1921 314 1976 8
330 1919 372 1977 sic
388 1928 486 1977 extant
500 1918 531 1976 in
546 1916 662 1978 Gembl.

291 2015 458 2074 Demonien
478 2025 643 2075 memorant
659 2016 722 2092 grai
744 2015 882 2075 Romana
902 2034 955 2093 per
975 2035 1027 2076 ora

291 2113 447 2186 Quaeritur
467 2114 498 2172 in
518 2131 606 2173 uersu
626 2113 734 2172 titulus.

211 2215 269 2289 897
291 2213 353 2288 grai
366 2232 382 2271 o
395 2218 421 2270 et
435 2211 503 2271 Cur.
546 2215 604 2287 898
619 2213 736 2271 inuerso
757 2209 841 2271 Vors.¹
857 2210 955 2272 Cano
988 2213 1107 2272 inuersu
1129 2211 1212 2274 Voss?

210 2309 359 2370 Bentleius
373 2321 514 2387 tanquam
531 2311 615 2369 unice
633 2327 736 2369 uerum
749 2319 844 2369 tuetur
857 2310 887 2369 id
901 2310 981 2387 quod
993 2309 1082 2369 habet
1097 2309 1212 2371 Gembl.

171 2418 199 2469 et
213 2407 310 2467 Voss?
322 2410 352 2467 in
367 2427 458 2467 uersu.
495 2407 647 2467 Suboritur
661 2418 760 2467 tamen
774 2408 915 2469 dubitatio
929 2426 1001 2467 num
1013 2426 1155 2468 uersuum
1167 2410 1211 2468 hic

170 2506 349 2565 mentionem
369 2505 507 2565 Manilius
528 2506 683 2565 iniecturus
705 2506 798 2566 fuerit.
841 2506 1018 2582 Quanquam
1047 2507 1128 2566 enim
1156 2507 1210 2566 ΙΙΙ.

171 2623 270 2676 40-42
293 2604 361 2663 dicit
384 2603 429 2662 Et
446 2605 477 2662 εἰ
493 2623 549 2681 qua
571 2611 689 2664 externa
711 2605 868 2680 referentur
891 2606 1004 2662 nomina
1026 2606 1130 2680 lingua
1150 2606 1213 2664 Hoc

171 2704 268 2779 merri,
279 2722 333 2760 rum
347 2704 444 2775 uatis,
458 2705 534 2772 πελ·
555 2722 609 2761 non
618 2705 711 2761 omm'a
717 2703 802 2781 flecti
811 2703 939 2762 Possunt
949 2709 977 2760 et
982 2705 1105 2779 propria
1119 2707 1213 2763 melnes

171 2799 222 2858 sub
242 2819 304 2858 uoce
317 2807 457 2872 notantur,
469 2801 599 2860 uersibus
609 2810 708 2859 tamen
722 2802 790 2876 916,
808 2813 824 2875 7
837 2800 886 2878 qui
899 2800 981 2860 locus
995 2810 1039 2860 est
1053 2801 1213 2861 simillimus

171 2907 274 2957 nostro
287 2898 367 2956 Huic
376 2901 458 2975 parti
469 2898 531 2958 Dea
547 2918 642 2958 nomen
656 2902 711 2958 erit
722 2898 856 2958 Romana
866 2910 921 2976 per
934 2918 994 2972 ora,
1012 2898 1136 2959 Graan
1154 2921 1214 2960 uoce

172 3015 225 3055 sua
252 2997 362 3054 lr'tulum
390 2998 520 3073 designat
540 2999 661 3070 eundem,
686 3012 743 3073 937
768 3000 869 3057 titulus
894 3017 972 3075 quem
1003 2996 1129 3059 Graecia
1141 3001 1216 3078 fecit

173 3093 366 3166 Dementiam,
390 3094 426 3153 de
450 3095 531 3171 poesi
553 3095 624 3154 nihil
649 3094 758 3154 dictum
782 3106 833 3155 est.
874 3098 987 3155 r'nuerso
1014 3106 1113 3155 autem
1135 3096 1214 3177 (nam

173 3191 343 3269 generaliter
361 3191 407 3250 hic
429 3192 562 3269 loquitur,
580 3202 612 3252 ut
631 3194 717 3253 etiam
739 3197 797 3268 885
815 3196 953 3270 proxima
972 3194 1091 3274 summo)
1107 3198 1214 3273 optime

174 3308 314 3365 usurpare
323 3290 417 3365 potuit
427 3291 462 3349 de
476 3310 512 3350 eo
523 3292 602 3369 quod
614 3292 747 3350 tralatum
758 3301 801 3350 est
815 3291 1023 3352 aGraeeorum
1037 3311 1173 3353 sermone
1186 3296 1215 3353 in

175 3386 319 3446 Latinum.
363 3387 435 3446 Tac.
456 3388 534 3446 Ann.
555 3408 600 3447 xv.
623 3393 660 3464 ⁶3
682 3391 815 3467 pleraque
835 3392 955 3450 tradidit
973 3410 1043 3468 quae
1063 3394 1094 3450 in
1116 3394 1215 3470 uulgus

174 3488 248 3545 edita
268 3488 327 3544 eries
347 3486 439 3543 uerbis
460 3489 594 3545 inuertere
613 3490 778 3566 supersedeo.

217 3584 256 3642 11.
272 3587 414 3661 898-900
429 3585 470 3645 sic
487 3595 584 3645 extant
597 3587 627 3644 in
642 3586 756 3646 Gembl.
771 3597 800 3646 et
814 3586 883 3647 Cus

740 3687 904 3745 subcorde
926 3686 1025 3762 sagaci

298 3780 402 3840 Conde
423 3780 520 3839 locum
541 3801 707 3860 numenque
728 3782 774 3842 dei
796 3801 964 3861 nomenque
985 3785 1113 3860 potentis

298 3879 383 3952 Quae
405 3881 455 3940 tibi
476 3882 620 3960 posterius
640 3900 764 3960 magnos
784 3892 955 3942 reuocantur
974 3883 1014 3942 ad
1034 3902 1114 3945 usus,
