2760 4448
477 301 625 352 NOCTES
644 299 897 350 MANILIANAE

287 462 333 521 Ta
354 461 489 540 princeps
510 471 669 538 auctorque
690 460 771 531 sacri,
794 458 934 538 Cyllenie,
955 457 1037 517 tanti.

283 561 340 620 Per
360 568 384 619 te
404 561 463 619 iam
484 560 598 620 caelum
619 562 739 618 reterens
759 559 817 618 iam
838 557 932 618 sidera
952 566 1023 616 nota

285 659 429 718 Sublimes
451 658 562 734 aperire
582 657 647 716 uias

202 756 293 830 Quod
304 757 382 816 enim
394 766 437 816 est
447 757 516 815 illud
527 763 634 829 tanturn
645 760 786 814 sacrum?
806 755 868 833 ipse
879 753 964 827 dicit;
982 752 1055 813 caeli
1069 751 1212 811 interioris

165 875 200 916 ac
216 857 342 915 siderum
357 856 495 931 cognitio.
536 854 651 914 Eadem
672 855 758 932 igitur
772 854 844 913 haec
859 854 889 911 in
906 867 953 928 25,
971 855 1008 910 26
1022 851 1212 929 requiruntur.

160 954 266 1032 Itaque
281 954 444 1030 scripserim

285 1051 384 1124 Quem
404 1052 532 1129 primum
552 1052 670 1124 interius
691 1051 771 1110 licuit
791 1066 970 1127 cognoscere
992 1047 1074 1108 terris

286 1149 412 1210 Munera
433 1151 611 1210 caelestum?

162 1259 194 1308 ut
207 1250 292 1308 terris
307 1249 420 1308 datiuus
435 1268 471 1307 ex
485 1249 613 1308 Munera
627 1250 768 1307 caelestum
783 1246 915 1325 pendeat.
950 1244 1025 1318 Quis
1037 1244 1090 1304 fuit
1103 1243 1150 1303 ilie
1165 1243 1213 1303 cui

157 1350 286 1424 pre'rnum
305 1348 386 1405 le'cue't
403 1348 521 1405 e’reterr'as
538 1366 695 1423 cognoscere
709 1365 825 1404 manera
839 1345 981 1403 caelestum
1002 1361 1019 1401 a
1040 1343 1214 1403 caelestibus

163 1446 232 1504 data
252 1446 364 1504 terrae
403 1444 532 1504 Interzas
553 1445 696 1522 significat
717 1445 757 1502 ita
779 1461 957 1519 cognoscere
978 1451 1009 1500 ut
1030 1442 1061 1499 in
1082 1442 1213 1519 ipsorum

163 1544 290 1604 siderum
305 1545 397 1600 οὐσίαν
409 1553 541 1620 penetret
554 1554 583 1602 et
598 1561 663 1601 eam
678 1543 761 1619 quasi
776 1543 853 1600 intus
867 1541 903 1599 sit
917 1541 1081 1618 perspiciat.

206 1641 385 1700 Structuram
400 1641 555 1700 accusatiui
570 1640 655 1712 Quem
669 1642 751 1698 le'cae't
762 1658 920 1715 cognoscere
933 1639 1001 1697 satis
1012 1647 1142 1697 tutantur
1155 1637 1215 1696 loci

163 1738 265 1815 quales
286 1748 353 1798 sunt
367 1738 434 1796 Ter.
450 1738 556 1798 Heaut.
571 1739 606 1796 iv.
623 1757 649 1796 a.
665 1752 682 1813 5
696 1739 838 1814 treampleo
857 1739 967 1795 silicet
985 1750 1027 1795 me
1046 1740 1130 1796 latere
1150 1743 1215 1795 tecto

163 1838 309 1897 abscedere.

205 1937 254 1994 An
279 1936 369 1994 uerba
391 1936 432 1994 sic
454 1935 550 2012 potius
578 1935 735 1994 struenda?
785 1934 860 2007 Quis
882 1944 914 1993 ut
941 1933 1067 2011 primum
1094 1933 1215 1992 interius

165 2030 357 2110 cognosceret
369 2053 491 2093 munera
506 2033 663 2093 caelestum
678 2033 757 2092 licuit
775 2033 878 2091 terris?
900 2032 928 2090 h.
940 2050 965 2090 e.
980 2051 1069 2110 quem
1087 2033 1215 2108 primum

164 2142 196 2191 ut
209 2132 349 2192 haberent
363 2143 552 2191 scrutatorem
567 2132 668 2192 siderei
682 2134 813 2191 muneris
826 2131 894 2190 data
908 2132 990 2190 terris
1005 2141 1048 2191 est
1061 2133 1215 2208 potestas?

206 2233 229 2292 Ι.
245 2250 293 2308 59,
309 2235 348 2290 60

288 2330 448 2407 Postquam
469 2331 567 2390 omnis
588 2331 661 2388 caeli
682 2331 793 2405 species
814 2330 1000 2411 redeuntibus
1021 2329 1106 2388 astris

287 2429 447 2504 Praecepta
468 2429 499 2486 in
519 2428 652 2504 proprias
673 2427 765 2487 sedes.

206 2526 369 2602 Praecepta,
391 2526 472 2604 quod
493 2525 601 2585 habent
622 2527 747 2597 codices,
769 2526 894 2587 Iacobus
915 2529 1113 2604 interpretatur
1128 2529 1216 2585 ‘ante

165 2626 267 2704 capta'
278 2626 360 2701 quasi
374 2635 441 2684 ante
456 2623 597 2699 capienda
606 2634 682 2683 esset
693 2624 894 2700 exemplorum
908 2627 953 2685 uis
968 2644 1057 2703 quam
1072 2625 1109 2683 ad
1124 2630 1217 2682 artem

165 2733 275 2784 certam
293 2723 448 2782 ueniretur.
491 2719 566 2779 Mihi
588 2722 703 2781 uidetur
725 2723 822 2797 potius
843 2723 998 2798 significari
1021 2742 1072 2800 per
1093 2721 1218 2781 breuilo·

166 2805 316 2898 quentiam
338 2820 515 2896 ‘praeceptis
541 2819 682 2897 explicata
703 2829 731 2878 et
752 2820 783 2878 in
803 2822 935 2897 proprias
957 2822 1042 2881 sedes
1063 2820 1217 2880 attributa?

168 2916 338 3001 [Praesepta
352 2917 513 2977 Mauricius
529 2917 661 2977 Schmidt
675 2918 817 2995 Philolog.
832 2919 886 2978 viii.
903 2916 987 3000 750]

209 3018 347 3092 1.66-72

290 3115 369 3173 Nam
391 3114 470 3172 rudis
491 3123 560 3173 ante
580 3114 644 3174 illos
666 3114 746 3174 nullo
766 3115 930 3174 discrimine
951 3117 1012 3175 uita

290 3214 326 3271 In
349 3213 477 3289 speciem
498 3231 642 3272 conuersa
662 3231 784 3290 operum
805 3215 916 3273 ratione
938 3215 1056 3274 carebat

289 3311 329 3370 Et
350 3310 510 3387 stupefacta
531 3329 611 3370 nouo
632 3311 786 3388 pendebat.
798 3312 908 3370 lumine
928 3313 1040 3383 mundi,

290 3409 372 3467 Tum
392 3409 471 3468 uelut
491 3410 604 3468 amissis
625 3428 767 3482 maerens,
789 3420 852 3468 turn
872 3411 947 3469 laeta
967 3411 1074 3470 renatis

232 3522 270 3584 70
293 3507 449 3579 Sideribus
470 3509 625 3585 uariosque
646 3508 709 3568 dies
730 3508 896 3586 incertaque
918 3510 1013 3568 noctis

289 3607 441 3684 Tempora
462 3625 517 3666 nec
539 3607 640 3666 similis
661 3608 779 3666 umbras
800 3608 859 3665 iam
880 3608 941 3666 sole
962 3625 1096 3684 regresso

291 3706 356 3764 Iarn
377 3705 514 3782 propiore
535 3705 593 3763 suis
615 3714 746 3782 poterant
767 3705 930 3765 discernere
951 3706 1054 3766 causis.

374 3817 410 3879 72
434 3804 493 3862 suis
514 3804 608 3880 impar
621 3802 774 3863 Bentlee'us.

210 3900 414 3962 ‘Constructio
428 3913 481 3975 est,
497 3901 593 3961 Rudis
611 3909 687 3962 aetas
704 3913 815 3979 operum
829 3905 936 3962 rotrone
953 3903 1072 3974 carebat,
1087 3921 1221 3964 maerens
