2760 4448
673 267 710 318 Η
1173 267 1214 340 55

166 418 324 498 Sagittarii)
343 419 434 497 magri
447 430 506 496 pro
521 426 638 498 tempore
656 428 718 481 non
739 440 861 499 semper,
876 422 927 482 sed
945 431 1048 482 natura
1067 423 1161 500 magis
1180 441 1215 483 ac

165 526 296 595 tempore
310 519 426 577 iubente
440 521 513 594 cogit
523 529 556 577 ut
569 520 685 580 saciant.
721 521 824 598 Itaque
839 523 932 598 magis
945 521 1006 579 uim
1021 539 1104 581 suam
1118 521 1215 594 habet,
1308 541 1315 550 ·

165 635 261 695 neque
282 635 300 676 a
320 617 418 676 uerbis
435 628 493 693 pro
514 625 631 694 tempore
650 619 835 679 auellendum
856 630 908 680 est.
950 639 1057 680 uemens
1078 621 1149 698 quid
1171 622 1215 693 st,

164 715 325 774 incertum:
348 732 418 773 num
427 717 559 795 fremens
573 717 644 776 luit?

207 812 246 872 11.
262 817 330 884 622,
346 817 404 889 623

288 913 356 971 Plus
377 900 527 972 tamenin
549 914 655 991 duplici
677 915 890 974 numerandum
911 925 954 974 est
975 915 1087 975 roboris
1108 932 1172 973 esse

289 1011 344 1070 Cui
365 1013 542 1072 commixtus
563 1012 654 1073 horno
668 1022 712 1072 est
725 1031 815 1090 quarn
836 1024 872 1087 te,
896 1012 1054 1085 Nemeaee,
1070 1015 1125 1072 sub
1146 1029 1212 1073 un0.

164 1108 239 1167 Esse
259 1111 364 1169 uitiose
389 1110 476 1169 codd.
501 1128 555 1187 pro
574 1130 614 1169 ex
637 1130 683 1168 se:
713 1129 790 1188 quae
814 1113 972 1171 coniuncta
991 1121 1141 1172 recurrunt
1161 1111 1214 1171 IV.

168 1227 235 1279 100,
259 1227 325 1283 1²9·
367 1208 434 1266 Pari
454 1208 543 1268 modo
564 1212 595 1267 in
613 1229 641 1267 se
662 1209 692 1267 in
707 1212 763 1286 ipre
782 1211 852 1268 abiit
873 1211 928 1268 HI.
948 1214 1016 1283 461,
1036 1211 1119 1289 isque
1137 1229 1215 1269 error

164 1307 253 1366 etiam
268 1305 386 1365 Gembl.
403 1307 517 1378 inuasit,
532 1325 593 1366 uno
612 1307 710 1368 Voss?
729 1326 832 1367 uerum
848 1318 992 1369 seruante.
1035 1309 1214 1384 Sagittarius,

163 1407 214 1482 qui
229 1405 336 1482 duplex
354 1414 406 1476 est,
421 1416 534 1482 partem
551 1406 680 1466 hominis
697 1406 816 1474 habens,
828 1417 939 1484 partem
958 1407 1044 1480 ferae,
1058 1407 1123 1484 plus
1137 1407 1215 1466 ducit

164 1524 202 1564 ex
218 1523 249 1562 se
264 1503 379 1563 roboris
393 1521 481 1580 quarn
497 1503 607 1563 Leonis
621 1516 739 1565 astrum.

206 1604 246 1661 ΙΙ.
269 1605 336 1677 629,
354 1604 414 1678 630

287 1700 431 1778 Quosque
453 1700 562 1759 dabunt
583 1700 690 1761 Chelae
711 1712 740 1760 et
762 1721 837 1780 quos
857 1702 906 1760 dat
928 1702 1062 1780 aquarius
1084 1711 1165 1760 ortus

286 1797 387 1856 Vnum
408 1808 510 1875 pectus
531 1799 640 1858 habent
661 1799 787 1878 fideique
808 1800 959 1859 immobile
979 1800 1119 1859 uinclum.

164 1896 214 1954 Sic
229 1896 355 1956 codices.
381 1895 521 1955 Molinius
535 1897 565 1954 in
580 1896 625 1954 ed.
645 1912 719 1972 1551
736 1900 783 1956 uel
794 1919 860 1975 quos
874 1900 925 1956 dat
936 1898 1031 1957 edidit.
1066 1895 1215 1956 Bentleius

165 1995 295 2071 Quasque
315 1995 422 2055 dabunt
443 1994 559 2054 Gemini
578 1995 729 2072 Chelaeque
749 2004 775 2055 et
789 1997 940 2073 Aquareies
958 2003 1044 2054 ortus.
1088 1995 1215 2055 Facilius

161 2104 226 2153 erat
239 2093 364 2153 scribere

287 2192 430 2269 Quosque
451 2192 562 2252 dabunt
583 2192 700 2266 Chelae,
721 2211 798 2271 quos
817 2192 884 2253 edet
904 2191 1051 2270 Aquarius
1072 2185 1151 2251 crtus

162 2308 234 2350 narn
249 2302 316 2368 post
330 2291 438 2350 dabunt
450 2293 602 2368 requiritur
620 2292 758 2352 futurum.

205 2388 246 2449 11.
263 2393 322 2464 633
337 2408 402 2466 sqq.
415 2390 456 2449 sic
471 2399 571 2449 extant
586 2391 616 2448 in
631 2390 749 2450 Gembl.

289 2486 426 2564 Scorpius
447 2497 475 2547 et
496 2487 613 2548 Cancer
634 2488 759 2548 fraterna
779 2490 810 2547 in
831 2470 955 2548 nomina
973 2488 1082 2547 ducunt

285 2584 333 2644 Ex
354 2596 446 2645 semet
465 2587 589 2663 genitos,
612 2605 667 2648 nec
687 2605 749 2647 non
769 2599 798 2647 et
818 2589 947 2665 piscibus
967 2587 1021 2647 orti

206 2686 265 2760 635
288 2683 476 2744 Concordant
496 2685 551 2743 illis
573 2704 643 2763 sepe
664 2696 708 2745 est
729 2695 758 2746 et
779 2686 918 2745 subdolus
940 2696 1023 2745 actus

288 2781 425 2859 Scorpius
447 2785 573 2860 aspergit
594 2802 688 2843 noxas
710 2786 763 2843 sub
784 2786 904 2843 nomine
925 2784 1011 2843 amici

287 2881 326 2939 At
347 2881 451 2958 quibus
471 2883 502 2941 in
523 2882 618 2941 lucem
639 2883 734 2959 pisces
754 2883 937 2941 uenientibus
959 2883 1066 2941 adsunt

288 2979 345 3039 His
365 2996 426 3038 non
448 2997 508 3038 una
528 2992 629 3039 manet
650 3000 765 3058 semper
786 2981 930 3039 sententia
950 2981 1032 3041 cordi

288 3077 477 3137 Commutant
498 3079 621 3151 animos,
644 3079 788 3138 interdurn
810 3089 839 3138 et
860 3079 975 3138 laedera
996 3090 1134 3156 rumpunt

206 3179 266 3248 ⁶40
288 3176 333 3235 Ac
354 3187 487 3254 repetunt
508 3187 659 3255 tectaeque
680 3177 742 3237 lues
764 3179 819 3237 sub
841 3177 934 3238 fronte
955 3188 1098 3254 uagantur

288 3273 335 3334 Sic
356 3277 408 3334 erit
428 3294 445 3334 e
466 3276 557 3352 signis
579 3276 680 3335 odium
701 3277 753 3335 tibi
774 3296 890 3355 paxque
912 3277 1042 3336 notanda

288 3372 323 3431 In
344 3374 425 3432 terris
445 3375 535 3450 geniti
555 3375 605 3434 tali
626 3375 766 3451 sublege
787 3385 929 3434 creantur.

205 3475 264 3548 635
286 3472 351 3532 flios
361 3491 430 3531 nam
445 3491 514 3551 sepe
529 3482 601 3532 esto
615 3473 671 3532 illis
680 3493 750 3532 nam
764 3493 850 3551 saepe
865 3485 908 3533 est
922 3475 960 3534 ed.
972 3472 1057 3531 Rom.
1071 3488 1157 3547 1510.
1172 3482 1216 3532 est

161 3590 214 3630 ont.
223 3570 291 3630 Cur.
300 3578 328 3628 et
340 3571 471 3629 Vosse'am'
498 3571 672 3648 caligam.
683 3575 725 3630 sic
735 3573 848 3633 exhibet
857 3572 1052 3631 Concordant
1064 3567 1216 3648 illosinam

162 3687 251 3747 saepe
266 3681 310 3729 est
331 3670 471 3730 subdolus
485 3666 577 3750 actus)
594 3670 733 3748 Scorpius
753 3672 881 3749 aspergit
897 3671 983 3730 noxis
1003 3670 1057 3727 sub
1075 3687 1103 3726 n.
1118 3667 1215 3727 amici.

163 3770 222 3844 637
246 3778 392 3843 astrapen
412 3769 518 3829 adsunt
543 3767 630 3829 Voss.8
651 3773 711 3842 640
732 3779 866 3847 reputant
892 3765 977 3828 Voss.²
1000 3787 1040 3825 an
1058 3765 1215 3844 reparant?

162 3874 318 3945 rectaeque
340 3867 476 3927 Vorseirni.
519 3872 575 3942 641
594 3878 717 3944 etpree
740 3868 871 3928 Vosrzam'
901 3886 937 3926 ex
952 3887 967 3925 o
981 3872 1058 3925 recte.
