2760 4448
240 260 282 309 22
551 251 704 302 sacris
722 250 973 300 JlrtsnlAs'AE

239 432 314 492 Iulia
333 442 422 508 gente
442 447 595 487 numerum
609 429 732 486 deorum
749 426 878 485 refertur.
919 427 984 485 lam
999 426 1142 487 Horatius
1156 427 1196 488 C.
1208 428 1249 486 iii.
1266 448 1296 504 3.

243 550 290 601 rr,
304 548 339 587 12
357 528 432 600 Quos
452 530 526 585 inin
537 528 687 602 Angustus
706 526 863 583 remim
874 525 1026 602 Purpureo
1040 527 1112 584 brut
1127 547 1176 584 m
1195 536 1297 586 nector

239 628 373 704 (languet
388 628 468 684 enim
487 625 565 695 briei,
583 624 665 701 quod
684 624 793 682 habent
812 624 945 682 nonnulli
964 622 1094 701 codices)
1113 625 1294 700 Angustum,

238 722 1296 804 tanquamdiuuslattmessetadhucmnemmmrrisinteresse

239 824 349 884 iecerat
376 824 516 882 conuiuio
546 822 690 891 deornm;
723 821 849 879 eandem
875 822 1050 879 sententiam
1078 821 1222 880 Manilius
1250 823 1296 881 sic

238 924 405 984 irumutanit
418 932 451 979 nt
463 922 538 979 inter
549 920 646 980 sidera
658 919 725 998 (per
735 919 833 997 signo)
841 921 1034 996 imperantem
1041 920 1211 996 Angustum
1222 938 1296 980 cum

240 1022 315 1082 Ioue
327 1020 486 1079 induceret.
1030 1006 1037 1016 '

283 1120 406 1197 Semper
419 1130 519 1177 tamen
539 1117 571 1175 in
589 1116 646 1176 illis
658 1117 797 1174 descen&
809 1117 884 1174 carlo
900 1118 1058 1193 coelunque
1069 1117 1195 1193 repleturi,
1212 1115 1300 1189 Quod

240 1222 316 1295 regit
340 1218 490 1292 Augustus
519 1215 659 1274 haesitani
692 1233 798 1290 meque
828 1216 975 1274 reuooeni.
1023 1214 1186 1287 Quomodo
1213 1218 1297 1275 enim

241 1318 353 1378 eaelum
367 1315 433 1374 Iulii
446 1316 561 1391 replesse
574 1313 716 1383 dicantur,
731 1331 800 1370 cum
813 1313 874 1371 duo
892 1313 948 1372 soli
960 1331 999 1372 eo
1011 1313 1217 1372 ascenderint?
1255 1315 1298 1374 Et

241 1414 452 1476 solertissimae
466 1412 639 1470 adulatiorus
652 1422 714 1469 erat
726 1411 893 1487 Augustum
907 1412 1017 1488 fingere
1030 1412 1061 1468 in
1073 1413 1157 1471 melo
1175 1413 1297 1490 partici-

242 1526 362 1592 pantem
375 1511 498 1588 imperia
510 1510 601 1569 Iouis,
648 1510 742 1568 Eccui
755 1528 818 1567 non
831 1509 889 1568 hoc
902 1510 1028 1570 ludibrio
1040 1510 1123 1582 foret,
1138 1511 1298 1572 recordato

242 1608 442 1672 Horatiannm
456 1608 535 1679 illud,
550 1618 661 1685 quanto
673 1609 771 1666 uerius
784 1618 954 1684 quantoque
966 1609 1133 1668 sublimius!

367 1705 453 1767 Caelo
472 1716 622 1765 tonantem
643 1707 822 1765 credidimus
841 1707 946 1766 Iouem

366 1805 523 1882 Regnare:
546 1815 683 1882 praesens
702 1806 788 1864 diuus
807 1805 962 1864 habebitur

365 1904 526 1980 Angustus.

243 2002 336 2063 Fccui
356 2019 419 2061 nou
439 2001 571 2076 impium,
592 2010 625 2060 ut
644 2000 796 2078 Augustus
825 2021 887 2061 non
916 2002 1013 2062 solnm
1034 2012 1126 2062 terras
1146 2014 1300 2080 regeret,

244 2101 295 2160 sed
315 2098 389 2158 ultra
408 2098 552 2175 galaxiam
572 2109 692 2158 euectus
711 2101 800 2158 etiam
820 2100 953 2161 melum?
993 2101 1196 2179 Intellexitque
1215 2101 1301 2162 idem

244 2198 401 2258 Tristanus
432 2196 632 2257 Commentar.
660 2197 800 2257 Historic.
822 2199 841 2257 i
865 2214 900 2273 71
931 2217 1001 2258 cnm
1027 2208 1164 2258 statueret
1190 2218 1302 2261 uersus

243 2300 315 2358 istos
349 2296 511 2371 Venerisque
537 2297 574 2354 ab
608 2299 719 2373 origiue
749 2300 1008 2373 proles—miculas
1039 2299 1125 2371 orbis,
1154 2307 1189 2356 nt
1215 2317 1301 2359 nunc

244 2394 387 2469 leguntur,
404 2412 465 2453 non
485 2394 615 2470 potuisse
636 2406 704 2453 ante
717 2395 829 2454 Tiberii
849 2396 1043 2472 principatum
1061 2397 1159 2457 scribi.
1201 2395 1250 2455 ‘A
1271 2398 1303 2457 la

244 2490 333 2550 verite
347 2510 397 2551 ces
410 2510 475 2551 vers
494 2510 532 2551 ne
552 2504 620 2552 sont
633 2493 815 2570 intelligibles
829 2513 887 2571 que
907 2514 960 2572 par
978 2495 1008 2554 la
1027 2495 1107 2554 seule
1126 2495 1302 2556 considera·

244 2590 307 2648 tion
328 2608 385 2666 que
406 2601 454 2649 cet
477 2590 619 2649 excellent
639 2610 743 2650 oeuure
763 2603 813 2668 ayt
835 2592 898 2652 este
919 2593 1062 2670 compose
1082 2613 1136 2671 par
1155 2593 1302 2655 Manilius

244 2704 316 2747 souz
335 2685 462 2747 'iibere'
503 2686 543 2746 At
563 2689 588 2747 si
609 2691 766 2766 caelumque
783 2691 814 2748 in
834 2693 985 2767 soliumque
1003 2692 1143 2768 corrigas,
1155 2693 1302 2754 tribuetur

244 2786 381 2862 Augusto
400 2804 461 2845 non
477 2786 631 2862 imperium
649 2788 758 2865 duplex
774 2799 915 2848 terrarum
929 2800 1018 2866 atque
1035 2791 1117 2863 caeli,
1131 2791 1184 2850 sed
1204 2791 1301 2852 solius

245 2893 336 2942 terrae
350 2894 379 2941 et
393 2882 450 2943 hoc
464 2903 532 2943 cum
547 2885 620 2945 Ioue
634 2888 786 2959 sociatum,
800 2899 831 2946 ut
844 2889 948 2947 merito
962 2887 992 2946 id
1007 2891 1109 2965 replere
1120 2898 1150 2948 et
1162 2908 1201 2949 ex
1214 2895 1301 2951 omni

245 2991 326 3058 parte
350 2982 475 3057 regentis
496 2983 576 3042 uices
600 3003 726 3061 aequare
750 2986 864 3062 possit:
891 2987 1028 3063 idemque
1049 3006 1118 3046 cum
1139 3006 1158 3046 a
1178 2989 1301 3048 caelesti

246 3088 339 3137 matre
368 3090 450 3137 ortus
477 3082 514 3140 sit
543 3100 670 3160 cumque
697 3085 753 3144 deo
785 3086 876 3144 societ
903 3103 1028 3160 regnum
1055 3096 1206 3158 terramm,
1233 3106 1299 3146 non

245 3177 369 3235 terrestri
389 3188 503 3236 tantum
523 3181 583 3239 uita
601 3181 703 3240 fruitur
723 3183 900 3254 mortalium,
915 3183 967 3242 sed
987 3182 1157 3245 iudeorum
1177 3196 1299 3247 coetum

245 3274 352 3334 relatus
366 3275 471 3335 horum
485 3296 603 3356 quoque
616 3282 693 3340 uitae
706 3282 850 3358 particeps
864 3283 904 3341 fit

287 3373 382 3433 Aliter
401 3393 494 3452 nuper
518 3377 680 3438 iudicarunt
701 3379 808 3438 Bittius
829 3391 857 3439 et
878 3380 1037 3458 discipulus
1061 3382 1124 3441 eius
1144 3380 1299 3460 Augustus

247 3472 391 3532 Kraemer
404 3474 433 3530 in
448 3487 663 3551 programmate
677 3478 757 3555 quod
775 3477 822 3536 hic
836 3480 868 3536 de
880 3478 1009 3538 Illam'lr'r'
1018 3482 1178 3557 quiferlur
1190 3481 1298 3539 Astro-

246 3572 363 3630 nomr'cis
373 3569 430 3630 hoc
444 3571 509 3647 ipso
526 3591 604 3632 anno
620 3574 772 3652 Marburgi
786 3575 875 3635 edidit
889 3596 939 3654 pp.
952 3597 989 3652 33
1002 3596 1066 3655 sqq.
1095 3578 1154 3637 Sed
1167 3596 1244 3655 quae
1259 3579 1299 3638 de

247 3668 407 3728 Caesarum
432 3669 511 3728 cultu
538 3670 630 3730 fusius
660 3672 700 3731 ibi
729 3673 873 3733 Kraemer
904 3675 1044 3746 disseruit,
1067 3695 1128 3735 non
1158 3677 1299 3737 euincunt

248 3764 421 3841 Augustum,
440 3767 470 3825 in
491 3768 613 3826 deorum
631 3771 818 3831 ueneratione
838 3775 1027 3851 praecipuum
1048 3785 1077 3834 et
1098 3775 1145 3834 cui
1166 3774 1298 3836 futurum

248 3875 325 3922 esset
343 3866 476 3943 religioni
498 3885 598 3944 parem
620 3887 650 3927 se
672 3869 752 3928 louis
772 3869 874 3943 lacere,
898 3873 950 3932 etsi
971 3891 1025 3949 pro
1046 3873 1103 3933 deo
1124 3873 1240 3950 templis
1260 3893 1297 3936 ac
