2760 4448
606 294 631 344 ν
1076 285 1137 368 163

90 460 184 514 nectus
209 472 275 531 equo
303 455 440 512 molitores
470 459 637 512 armaturas
668 460 801 514 exerceat.
842 453 908 513 Hoc
935 461 1012 514 astro
1039 456 1139 514 ore'ente

91 551 255 612 Salmoneus
277 559 305 611 et
317 551 540 628 Bellerophontes
561 571 581 610 a
597 552 707 630 priscis
729 551 888 611 auctoribus
909 554 975 612 noti
992 572 1047 611 esse
1068 572 1138 612 nar·

90 659 204 711 rantur.
245 650 382 728 (Bechert
394 669 423 727 p.
441 649 501 728 ar.)

132 749 170 808 V.
185 753 223 825 89
238 768 302 827 sqq.
317 750 359 809 sic
373 758 474 808 extant
487 748 518 806 in
533 747 651 807 Gembl.

214 847 301 907 Nunc
322 847 412 911 †licet
432 847 463 904 in
483 845 573 923 longo
594 864 648 922 per
668 865 769 906 cursus
787 846 918 923 praemia
939 847 1017 906 circo

132 964 173 1023 90
215 944 364 1023 Quicquid
385 944 422 1004 de
444 945 493 1004 tali
514 944 612 1004 studio
631 943 770 1003 formatur
789 945 907 1004 habebit

214 1043 294 1103 Hinc
315 1042 386 1102 mihi
408 1043 581 1102 Salmoneus
602 1042 653 1118 qui
674 1042 787 1101 caelum
809 1044 936 1102 imitatur
957 1042 988 1100 in
1009 1044 1078 1103 orbe

215 1142 357 1202 Pontibus
376 1141 518 1218 impositis
538 1141 693 1217 missisque
713 1159 766 1218 per
787 1158 855 1200 aera
876 1141 1025 1218 quadrigis

213 1239 400 1317 Expressisse
422 1257 528 1298 sonum
548 1238 650 1297 mundi
671 1239 725 1298 sibi
746 1238 825 1298 uisus
846 1249 876 1298 et
896 1239 992 1317 ipsum

213 1338 388 1397 Admouisse
408 1338 512 1396 Iouem
532 1337 617 1395 terris
638 1336 702 1400 †de
723 1335 843 1396 fulmine
863 1337 947 1413 fingit

133 1450 173 1514 95
216 1435 311 1496 Sensit
331 1446 360 1494 et
381 1435 542 1494 immensos
562 1435 648 1510 ignes
669 1452 756 1512 super
777 1435 839 1511 ipse
861 1445 976 1493 secutus

215 1530 312 1589 Morte
333 1530 438 1588 Iouem
459 1528 567 1600 didicit,
587 1541 741 1604 generatus
761 1529 853 1604 possit
874 1528 982 1587 haberi.

133 1633 172 1705 89
187 1628 255 1688 licet
267 1629 343 1687 codol.
353 1627 430 1703 leget
444 1626 589 1685 Turnebus
603 1644 720 1685 cursum
739 1626 826 1686 Voss.2
840 1645 993 1703 percussus
1006 1625 1074 1686 Cns.
1088 1628 1140 1686 ob.

93 1747 129 1804 91
147 1727 274 1785 imitatur
295 1722 380 1784 Voss.¹
401 1723 469 1784 Cus.
492 1725 537 1783 ol
557 1724 683 1783 imitatus
705 1724 791 1783 Voss.²
812 1725 883 1784 orbe
905 1721 990 1785 Voss.¹
1009 1723 1078 1784 Cus.
1098 1724 1141 1783 ob

92 1826 165 1885 urbe
183 1821 268 1883 Voss.²
281 1823 364 1882 Fort.
378 1823 409 1881 in
423 1824 534 1882 orbem.
572 1841 608 1897 92
626 1821 779 1882 Montibus
801 1821 885 1881 Voss.1
900 1822 950 1882 ob.
987 1842 1026 1898 94
1042 1824 1140 1899 Atque

92 1923 220 1982 mouisse
242 1920 327 1981 Voss.²
341 1921 376 1981 de
390 1922 467 1979 codd.
487 1920 570 1978 Fert.
585 1938 668 1998 quae.
712 1935 749 1996 95
773 1920 862 1981 Sinsit
882 1921 970 1980 Voss.²
991 1921 1140 1980 immissos

96 2021 259 2082 Grannum
276 2020 339 2080 obs.
353 2021 392 2079 iii.
411 2034 456 2095 15.

133 2122 196 2179 licet
207 2120 238 2177 in
251 2121 318 2196 leget
332 2128 495 2178 correxerat
510 2117 686 2190 Turnebus;
708 2117 738 2176 id
756 2117 923 2194 neglectum
943 2137 961 2177 a
979 2117 1139 2194 Scaligem,

92 2218 207 2278 reduxit
221 2218 355 2290 Iacobus,
369 2217 449 2276 nulla
458 2216 589 2276 Tumebi
599 2215 698 2275 addita
713 2216 869 2275 mentione.
901 2233 930 2273 u.
943 2235 983 2292 90
986 2215 1141 2294 formatur

93 2328 138 2377 est
159 2316 285 2376 formam
308 2316 412 2392 accipit
436 2326 465 2375 et
487 2325 566 2375 certa
587 2315 698 2375 ratione
722 2315 753 2372 in
777 2326 868 2374 artem
892 2314 1018 2389 fingitur,
1041 2314 1141 2375 ‘takes

92 2414 201 2492 shepe'
232 2416 269 2474 In
283 2415 469 2492 sequentibus
484 2413 582 2473 haeret
597 2424 745 2473 structura.
775 2413 901 2472 Codices
915 2425 1027 2489 praeter
1040 2411 1142 2473 Voss.²

92 2514 202 2573 habent
213 2515 350 2586 eiectatur,
366 2513 413 2572 hic
426 2515 562 2585 onetatas,
575 2511 656 2589 quod
670 2513 779 2588 recepit
788 2511 936 2589 Bentleius
950 2522 980 2571 et
992 2524 1058 2589 post
1072 2529 1140 2571 eum

93 2613 229 2673 Iacobus·
272 2611 346 2672 Mox
370 2632 408 2688 94
432 2613 551 2671 Isaacus
574 2610 699 2670 Vossius
724 2612 765 2670 sic
787 2611 901 2670 refinxit
922 2612 989 2669 dune
1005 2611 1141 2688 fulmina

85 2713 180 2790 fingit
198 2710 299 2782 Sensit,
320 2711 407 2788 idque
428 2711 554 2769 Iacobus
577 2709 684 2769 edidit:
713 2709 744 2767 in
769 2725 807 2785 95
832 2710 970 2768 einenissos
993 2709 1141 2787 praeclare

93 2809 243 2870 reuocauit
257 2808 424 2868 Gronouius
439 2808 511 2868 Obs.
525 2807 562 2867 iii.
580 2821 625 2882 15.

135 2907 210 2966 Mihi
240 2908 369 2965 iene'totnr
405 2907 502 2984 potius
536 2924 626 2983 quam
660 2907 787 2964 tiresiatus
822 2905 970 2982 scripsisse
1001 2904 1142 2966 Manilius

93 3005 214 3065 uidetur.
255 3006 335 3066 Nam
354 3005 378 3064 si
397 3007 523 3063 eneetotns
540 3004 628 3081 legas,
643 3000 765 3062 nimium
783 3005 910 3062 tardatur
927 3004 1029 3077 oratio,
1045 3005 1141 3064 inlatis

94 3123 148 3182 per
168 3103 318 3182 participia
338 3113 381 3163 tot
402 3102 536 3163 clausulis
557 3114 714 3180 antequam
735 3101 773 3160 ad
797 3102 883 3162 finale
905 3103 1027 3162 uerbum
1047 3102 1143 3162 Sensit

94 3202 286 3280 perueniatur,
294 3204 347 3278 qui
357 3203 461 3260 caelum
472 3203 606 3274 einetotus,
619 3202 749 3276 nisusque
758 3203 926 3276 expressisse
936 3220 1032 3260 sonune
1043 3201 1144 3258 mnndi

93 3307 121 3359 et
131 3301 285 3359 admouisse
298 3299 391 3359 Iouem
405 3301 499 3374 neres,
514 3302 600 3359 sensit
599 3300 734 3378 fulmina
749 3301 814 3357 dnn
820 3300 921 3377 finget.
951 3298 1020 3358 Hoc
1036 3298 1059 3357 si
1074 3297 1141 3358 fecit

94 3397 241 3471 Manilius,
256 3408 370 3474 praeter
384 3398 500 3458 solitum
517 3416 630 3456 morem
647 3398 722 3456 lecit.
763 3397 803 3456 At
824 3400 848 3457 si
869 3399 998 3456 einetatnr
1018 3396 1139 3473 scripsit,

93 3497 200 3557 eodem
214 3514 320 3573 genere
338 3513 409 3555 usus
426 3506 470 3554 est
487 3496 646 3572 praesentis
663 3496 743 3572 quod
758 3496 922 3574 Propertius
936 3494 1139 3572 frequentauit,

93 3614 119 3656 e.
130 3615 160 3674 g.
174 3595 202 3654 ii.
217 3615 245 3672 9.
266 3615 302 3654 10
319 3594 451 3656 Candida
466 3614 568 3653 manno
583 3591 719 3673 (Briseis)
733 3594 863 3653 uerberat
874 3614 925 3653 oro
939 3613 1034 3651 nonu.

135 3695 285 3754 Structura
308 3694 392 3753 facile
417 3712 448 3752 se
475 3694 599 3770 explicat
625 3712 678 3771 per
706 3694 778 3751 duas
805 3704 909 3769 partes,
936 3692 1055 3750 alteram
1083 3689 1143 3762 Qui

92 3794 197 3865 caelum
223 3794 360 3866 enitatur,
385 3793 505 3852 alteram
527 3793 656 3867 nasusque
679 3794 846 3868 expressesse
872 3811 895 3850 s.
917 3791 1019 3848 mundi
1039 3797 1066 3848 et
1087 3790 1138 3847 od-

94 3893 211 3952 nouisse
223 3889 266 3951 Io.
280 3898 299 3951 t.
314 3893 399 3951 suesti
405 3891 541 3971 sulne'eea
554 3891 620 3949 dnn
632 3890 731 3967 fingit.

589 4007 643 4048 ua
