2760 4448
163 251 207 332 ⁶4
476 261 624 312 Noeris
643 251 895 312 Mantuanis

163 412 222 480 814
244 425 349 465 rursus
363 405 444 465 habet
456 405 567 464 Aderat
580 415 608 463 et
623 405 694 464 deus
708 405 814 476 omnis,
829 405 892 462 dein
908 408 977 479 815.
1020 406 1082 477 815
1097 404 1219 463 Asserat

170 504 259 566 Voss.²
278 505 390 563 Afferat
404 504 446 562 ob
460 504 572 562 Asserit
593 503 677 562 Voss.¹
719 514 800 580 reget
821 502 889 563 Cus.
910 503 1044 562 Vosa'ani
1053 511 1159 581 regnet
1172 503 1217 560 ob

150 608 229 683 sort.
244 606 330 681 leget.

203 703 318 763 Locum
337 701 508 779 plerumque
527 701 568 760 sic
587 700 725 760 exhibent
742 712 773 760 ut
790 703 821 761 in
840 704 899 774 814
913 701 993 758 denes
1010 719 1097 773 omne,
1110 699 1141 758 in
1157 704 1216 773 815

163 808 261 879 regnet
272 801 367 859 edant.
404 798 644 858 IlludaMolinio
655 799 782 859 creditur
792 800 914 869 uenisse,
925 807 1021 875 regnet
1028 799 1090 857 iam
1100 799 1217 858 codices

163 901 254 959 nostri
268 900 285 958 b
298 921 314 958 o
328 899 444 957 habent.
487 897 547 956 Sed
565 908 680 974 poterat
699 904 777 975 reget
792 917 829 957 ex
848 900 918 973 leget
933 898 1031 974 potius
1050 896 1216 973 deprauari‚

162 998 334 1074 metaphora
345 997 432 1056 ducta
446 997 484 1055 ab
495 996 538 1055 eis
548 997 598 1074 qui
608 1007 783 1056 testamento
794 996 902 1080 aliquid
917 995 1048 1072 legantes
1062 997 1216 1073 proprium

162 1097 248 1156 huius
262 1115 347 1156 usum
363 1096 502 1172 legatario
517 1096 647 1154 tribuunt
662 1100 748 1171 ‘may
761 1096 817 1153 will
831 1095 891 1154 and
904 1094 1069 1171 nequeam!

204 1196 244 1255 II.
259 1199 361 1270 824,5

285 1293 385 1365 Quam
405 1304 468 1352 rata
488 1293 546 1352 sint
566 1292 651 1352 fossis
673 1302 815 1351 scrutatur
834 1301 905 1352 uota
924 1291 1050 1350 metallis
1077 1350 1080 1357 ,

284 1394 382 1470 Atque
403 1412 440 1452 ex
461 1391 578 1451 occulto
599 1401 742 1469 quantum
763 1391 933 1468 contingere
953 1391 1055 1466 possit.

205 1501 252 1562 Sic
266 1502 391 1560 lacobus
408 1499 506 1558 edidit
549 1497 607 1557 Sed
615 1500 709 1574 possis
722 1508 751 1557 et
765 1498 795 1556 in
809 1497 927 1557 Gembl.
941 1507 970 1555 et
984 1498 1015 1554 in
1031 1496 1102 1557 Cus.
1113 1507 1143 1556 et
1157 1497 1216 1556 ino

161 1602 297 1661 traditum
312 1610 364 1657 est.
400 1598 469 1656 Hoc
484 1596 624 1673 praefero.
654 1597 690 1655 V.
707 1616 739 1654 11
758 1595 905 1655 Summum
922 1597 1086 1671 contigerint
1100 1610 1215 1672 suaper

149 1701 280 1779 fastigia
295 1699 409 1767 culmen,
424 1696 479 1754 III.
496 1698 553 1753 108
568 1702 595 1753 et
605 1705 682 1769 saepe
694 1697 818 1753 cadentia
828 1695 953 1770 frustra
970 1693 1071 1771 Officia
1084 1699 1112 1752 et
1123 1695 1216 1752 cultus

162 1801 326 1873 contragant
331 1795 462 1871 praemz'a
471 1800 577 1870 quanta
592 1792 702 1865 Educet,
714 1794 770 1853 ΙΙΙ.
781 1808 839 1868 445
855 1795 934 1851 ntitci
941 1793 1006 1850 dum
1017 1794 1122 1851 uellera
1136 1796 1214 1868 sigm

164 1895 340 1971 Contingunt
352 1891 488 1972 (menses).
511 1888 613 1973 [Nune
627 1892 716 1950 uideo
729 1893 808 1951 idem
823 1891 997 1951 intellexisse
1012 1889 1200 1973 Breiterum.]

204 1995 243 2054 Il.
260 1997 377 2069 829-31
394 1993 435 2050 sie
450 2001 549 2050 extant
563 1991 593 2049 in
608 1990 724 2051 Gembl.

270 2100 367 2158 *Hinc
389 2099 462 2157 inter
484 2097 588 2156 Graias
609 2097 793 2174 horoscopus
814 2098 908 2157 editur
928 2099 1016 2157 urbes

284 2198 348 2257 Nec
370 2198 448 2273 capit
468 2207 622 2255 externum
642 2197 759 2273 proprio
781 2197 850 2273 quia
870 2198 989 2256 nomine
1010 2197 1120 2273 gaudet

285 2297 345 2356 Hic
366 2305 446 2355 tenet
467 2295 615 2354 arbitrium
636 2295 714 2354 uitae
734 2295 782 2354 hic
803 2296 905 2372 regula
926 2315 1043 2355 morum
1064 2306 1120 2355 est.

204 2469 263 2539 829
286 2461 370 2542 Hine
374 2461 499 2538 plerique
510 2459 568 2518 Hic
587 2457 673 2518 Voss.²
681 2409 863 2537 horoscuplrs
872 2459 896 2539 (i
905 2409 1001 2540 pds)o.
1024 2464 1083 2537 830
1095 2462 1216 2521 numine

165 2562 232 2621 Cur.
255 2559 338 2619 Voss.l
366 2560 486 2618 minime
513 2556 599 2616 Voss.²
627 2559 806 2636 proprioque
833 2560 933 2617 uiuere
960 2578 984 2617 o.
1035 2562 1091 2633 831
1125 2560 1217 2620 Hunc

170 2661 301 2718 Vosszuni
315 2658 391 2717 uitae
412 2657 458 2716 hie
478 2658 582 2715 codz'ces
597 2664 711 2733 praeter
729 2678 744 2716 o
764 2667 850 2735 atque
869 2657 917 2717 hie
934 2676 950 2715 o
968 2676 1035 2714 num
1055 2657 1103 2717 hic
1123 2661 1174 2717 et?

204 2767 316 2825 Verum
338 2766 368 2821 in
387 2763 444 2823 hoc
464 2762 531 2822 loco
549 2764 675 2822 seruauit
697 2763 784 2822 Voss.²
796 2765 827 2822 in
842 2783 901 2841 quo
915 2774 959 2822 est
972 2764 1033 2822 Hic
1047 2782 1110 2822 non
1124 2764 1215 2823 Hinc.

162 2863 254 2922 Vitiat
268 2862 424 2920 decursum
446 2880 582 2920 uersuum
597 2862 685 2920 inlata
699 2881 716 2920 a
731 2863 843 2921 Iacobo
864 2861 1043 2938 parenthesis
1059 2864 1128 2938 829,
1145 2866 1215 2939 830,

162 2974 190 3020 et
205 2972 303 3038 aperte
318 2961 391 3018 inter
405 2979 437 3019 se
452 2960 630 3036 respondent
645 2959 705 3018 Hic
721 2964 780 3036 829
795 2961 856 3018 Hic
871 2963 939 3034 831.
980 2960 1016 3019 In
1027 2978 1056 3018 u.
1067 2963 1127 3036 830
1142 2963 1215 3019 mire

163 3060 335 3135 discrepata
353 3076 371 3116 a
391 3057 516 3133 reliquis.
559 3056 674 3129 Quibus
695 3067 727 3116 ut
748 3060 971 3134 obsequendum
992 3067 1073 3135 puto,
1092 3059 1132 3117 ita
1154 3050 1221 3118 non=

163 3159 291 3234 ineptam
307 3156 548 3232 significationem
564 3156 652 3215 habet
668 3156 698 3214 id
713 3157 793 3233 quod
806 3156 925 3215 traditur
940 3157 970 3214 in
985 3178 1008 3216 o.
1044 3156 1125 3216 Nam
1139 3159 1163 3216 si
1178 3178 1215 3216 ex

163 3257 221 3315 hoc
242 3255 351 3314 scribas
367 3255 484 3330 proprii)
506 3256 573 3329 quia
596 3256 690 3312 uicere
708 3256 816 3330 gaudet
834 3255 939 3314 euadet
960 3255 1033 3314 haec
1054 3257 1214 3315 sententia:

162 3355 263 3414 tertius
284 3352 373 3412 cardo
395 3353 457 3410 siue
477 3364 595 3411 exortus
617 3354 647 3410 in
669 3353 795 3412 Graecia
816 3372 925 3412 nomen
943 3353 1032 3412 habet
1053 3356 1213 3428 ὡροσκόπον,

162 3473 217 3513 nec
246 3451 371 3511 admittit
398 3450 429 3507 in
458 3451 625 3509 societatem
654 3451 831 3529 alienigenas
854 3450 928 3530 (h.e.
955 3451 1122 3532 Romanos)
1145 3457 1216 3530 quia

163 3552 269 3629 gaudet
288 3549 325 3608 de
346 3566 399 3607 suo
420 3549 528 3619 uiuere,
542 3548 600 3607 h.e‚
616 3549 732 3608 Graeco
754 3568 836 3610 more
854 3559 883 3609 et
904 3569 1039 3610 sermone
1059 3562 1214 3611 contentus

162 3661 214 3709 est.
245 3649 348 3724 Itaque
363 3653 509 3705 externum
524 3646 577 3705 erit
590 3647 792 3720 masculinum,
804 3650 921 3725 proprio
936 3652 1028 3707 uzaere
1040 3649 1118 3709 idem
1133 3651 1214 3727 quod

163 3749 199 3807 de
213 3747 332 3823 proprio
355 3746 452 3803 uiuere
474 3744 503 3801 in
527 3745 737 3821 epigrammate
756 3747 836 3822 quod
856 3748 926 3805 olim
942 3745 1002 3824 (xii.
1019 3747 1070 3826 78)
1085 3746 1213 3808 Martiali

162 3846 347 3921 adscriptum,
359 3861 437 3901 nunc
451 3842 553 3901 incerti
563 3842 692 3901 habetur.
721 3843 768 3902 Sic
781 3845 813 3901 de
826 3864 875 3902 suo
889 3848 991 3903 uzicere.
1019 3845 1057 3904 Et
1071 3845 1101 3903 in
1116 3848 1213 3923 primo
