2760 4448
667 258 702 308 Jl
982 321 987 336 ι
1173 246 1212 308 61

160 417 191 476 in
206 416 261 475 illis
274 414 409 493 planetae
423 415 664 476 dodecatemoriis
678 415 881 490 includuntur;
896 415 926 474 in
943 429 1009 491 747,
1027 421 1044 476 8
1060 416 1215 478 dodecate·

161 516 278 576 morion
292 515 395 574 dicitur
409 516 440 574 in
454 516 526 574 fines
541 515 675 593 planetae
688 517 824 576 incidere.

203 613 246 674 II.
262 618 403 690 755-758
420 615 461 674 sic
475 625 575 674 extant
589 615 619 673 in
634 614 753 675 Gembl.

285 712 326 771 Vt
345 714 467 772 rudibus
487 714 584 789 pueris
604 723 782 773 monstratur
802 712 896 773 littera
917 712 1044 790 primum

287 810 342 869 Per
363 811 467 869 faciem
488 829 655 889 nomenque
676 830 762 870 suum
784 814 969 888 componitur
990 830 1060 870 usus

286 909 375 968 Tunc
396 909 552 968 coniuncta
573 910 633 968 suis
653 909 795 969 formatur
816 910 928 987 syllaba
948 911 1034 969 nodis

288 1007 348 1067 Hic
369 1008 466 1065 uerbis
487 1016 630 1067 structura
650 1009 730 1068 uenit
752 1027 805 1085 per
825 1010 917 1068 uerba
937 1008 1062 1086 legendi.
1220 1082 1222 1086 Α

208 1108 266 1181 756
288 1124 356 1164 cum
384 1106 500 1182 ponitur
521 1104 647 1177 Iacobus,
669 1114 738 1165 recte
765 1112 799 1164 ul
823 1109 953 1165 uz'detur:
986 1114 1056 1166 certe
1089 1108 1219 1184 spuriam

163 1225 221 1264 esse
240 1224 352 1264 uersum
373 1223 428 1263 non
448 1205 523 1263 mz'lzi
533 1208 682 1281 persuasit
698 1206 794 1266 Bentl.
836 1205 939 1282 Aegre
951 1208 1024 1263 enim
1044 1208 1219 1265 desideratur

165 1306 223 1364 Per
245 1303 349 1363 faciem
374 1322 542 1381 nomenque
566 1323 660 1375 suum,
681 1306 780 1382 quibus
802 1307 896 1364 littera
911 1306 1011 1380 puerz's
1035 1311 1218 1363 monstralur.

166 1418 182 1478 7
189 1405 226 1478 58
243 1402 302 1461 Hie
319 1401 388 1460 Cus.
407 1402 492 1461 Voss.2
527 1402 584 1461 His
603 1402 688 1462 Voss.¹
723 1404 804 1462 Hinc
819 1403 859 1462 ob.
898 1403 1024 1478 legendo
1044 1400 1128 1461 Voss.1

208 1519 237 1559 u.
251 1503 309 1574 758
324 1501 497 1577 plerumque
512 1511 579 1578 post
593 1501 687 1561 Bentl.
702 1502 792 1561 edunt
806 1502 886 1560 Hinc
896 1502 979 1559 uerbi
985 1507 1131 1559 structura
1145 1503 1222 1559 uem't

159 1611 216 1677 per
237 1589 360 1657 menzbra
380 1601 496 1675 legendi.
538 1599 622 1658 Vnus
645 1600 791 1660 Breiterus
812 1600 849 1660 de
873 1598 989 1659 emend.
1005 1597 1109 1660 Manil.
1129 1618 1157 1676 p.
1183 1614 1217 1675 ι7

167 1698 294 1757 seruauit
309 1707 364 1774 per
387 1699 482 1770 uerba,
504 1698 557 1758 sed
579 1709 691 1759 mutato
714 1701 823 1776 legendi
842 1699 873 1758 in
893 1700 1001 1775 legente}
1023 1697 1103 1775 quod
1123 1699 1220 1775 ipsum
1288 1682 1291 1687 ’

166 1806 248 1856 extat
270 1797 301 1853 in
326 1795 401 1855 Cod.
416 1795 556 1856 Parisino
598 1796 647 1857 Sic
669 1800 788 1855 canendi
807 1798 838 1855 in
861 1798 917 1872 767
942 1796 1078 1855 traditum
1098 1805 1143 1855 est
1163 1816 1217 1874 pro

167 1897 294 1967 canenti3
317 1905 347 1953 at
363 1896 483 1953 sonandi
500 1895 578 1954 idem
592 1895 737 1955 Breiterus
758 1915 794 1955 ex
815 1897 926 1954 tonanti
940 1913 1001 1953 non
1022 1904 1099 1953 recte
1121 1894 1219 1955 elicuit

168 1993 206 2050 V.
232 2012 298 2067 132.
349 1992 407 2052 Sed
424 1994 536 2070 optime
558 2012 590 2054 se
613 1994 701 2054 habet
721 1994 835 2053 datiuus
855 1994 947 2052 uerbis
967 1999 1113 2051 siruclura
1133 1996 1218 2066 uenzi‘,

168 2110 225 2150 nec
255 2089 379 2150 Manilio
408 2092 594 2168 abripiendus
622 2102 686 2165 est;
718 2093 769 2169 qui
795 2101 828 2150 ut
857 2090 928 2149 nihil
957 2090 1085 2150 habebat
1116 2110 1168 2150 cur
1201 2112 1220 2151 a

168 2191 257 2249 solito
276 2207 331 2248 usu
353 2190 442 2249 datiui
461 2201 528 2267 post
548 2193 643 2249 uene're
667 2189 768 2270 (Verg.
789 2191 828 2250 G.
846 2191 864 2248 i.
882 2187 954 2268 216)
974 2189 1156 2262 descisceret,
1177 2192 1219 2251 sic

168 2289 291 2365 legendis
317 2289 350 2347 in
377 2289 487 2365 legendi
505 2286 550 2367 (ut
573 2291 679 2367 templis
700 2290 730 2347 in
755 2291 854 2366 tenpli
873 2286 946 2367 779)
969 2286 1052 2346 facile
1079 2288 1224 2365 deprauar

169 2387 281 2464 potuit:
302 2387 388 2444 uerba
402 2389 470 2463 legit
481 2398 537 2464 per
551 2389 636 2446 uerba
651 2388 701 2465 qui
715 2388 789 2447 inter
806 2387 958 2463 complura
971 2385 1115 2443 uocabula
1128 2405 1221 2446 unum
1300 2450 1302 2456 ,

169 2484 248 2560 legit,
264 2483 368 2543 deinde
383 2485 515 2557 alterum,
529 2484 624 2545 donee
640 2496 733 2546 totum
748 2504 904 2545 numerum
917 2483 1130 2543 uocabulorum
1146 2504 1223 2563 quae

170 2600 273 2641 uersus
288 2581 335 2640 uel
349 2584 492 2642 sententia
508 2584 719 2660 complectitur,
735 2585 909 2662 impleuerit.

213 2680 253 2739 Il.
271 2683 412 2756 762-764
428 2681 469 2741 sic
482 2693 583 2742 extant
597 2683 627 2740 in
642 2682 760 2742 Gembl.

295 2778 381 2851 Quae
402 2780 458 2839 nisi
479 2781 659 2840 constiterint
680 2781 782 2856 primis
802 2781 922 2841 fundata
942 2783 1093 2843 elementis
1193 2820 1197 2827 ·

296 2877 449 2955 Versaque
470 2897 545 2957 quae
566 2899 688 2957 propere
709 2880 841 2939 dederint
861 2893 1019 2960 praecepta
1039 2882 1169 2959 magistri

294 2975 334 3034 Et
355 2976 428 3036 fluat
448 2977 479 3036 in
495 2995 609 3059 ,uanum
630 2997 727 3038 rerum
747 2990 951 3056 praeposterus
972 2981 1054 3040 ordo.

215 3077 273 3148 762
291 3076 415 3152 propriis
429 3075 478 3135 ob.
509 3080 571 3152 763
587 3076 683 3136 Versu
697 3096 813 3155 queque
827 3098 842 3136 0
856 3076 985 3137 Perdunt
1004 3097 1079 3157 quae
1093 3078 1223 3155 Regiam.

172 3172 275 3232 Versis
289 3192 364 3250 quae
376 3173 509 3251 Scaliger
519 3173 574 3234 Vel
588 3195 641 3236 sua
655 3194 848 3252 praepropere
856 3176 1008 3236 Bentleziis.
1026 3177 1108 3237 Num
1119 3178 1225 3236 Vertas

172 3289 259 3348 quae,
277 3279 311 3329 ut
327 3290 384 3350 que
405 3292 481 3331 mera
495 3275 687 3350 dillographia
699 3276 761 3332 siti
804 3278 861 3349 764
880 3275 919 3334 Et
937 3276 1009 3334 fluat
1025 3276 1092 3336 Cus.
1110 3274 1194 3335 Voss.1
1209 3296 1225 3335 o

173 3370 215 3430 Vt
226 3370 297 3429 fluat
313 3369 399 3430 Voss.²
408 3372 447 3430 Et
457 3372 528 3431 fluat
540 3373 731 3431 ‘subindicata
740 3371 755 3430 f
761 3376 818 3431 loco
829 3373 1030 3450 t’Lipsiensis,
1041 3382 1104 3434 teste
1114 3375 1223 3433 Iacobo.

215 3469 277 3528 Hic
291 3469 481 3529 insistendum
496 3471 526 3529 in
541 3489 578 3530 eo
592 3471 672 3548 quod
686 3471 787 3548 optimi
803 3472 919 3532 codices
933 3475 1061 3533 uniuersi
1076 3483 1225 3551 praestant

173 3567 310 3646 Etstuat,
322 3586 382 3627 non
392 3568 510 3645 Effluet.
551 3568 587 3628 Id
602 3570 625 3628 si
640 3588 709 3628 uere
721 3571 909 3643 tradiderunt,
921 3590 958 3630 ex
972 3590 1000 3631 u.
1012 3575 1069 3647 763
1083 3572 1223 3647 ”apodosis

174 3665 311 3730 ducenda
324 3667 385 3739 erit,
394 3677 588 3745 corruentque
600 3677 628 3726 et
639 3667 763 3728 Bentleii
778 3670 900 3745 arguta¹
914 3688 985 3729 sane
996 3670 1162 3729 emendatio
1179 3669 1227 3729 Vel

236 3867 245 3896 ¹
263 3867 319 3918 Nec
329 3872 413 3919 tamen
419 3883 453 3919 ea
464 3868 517 3919 ueri
528 3868 624 3932 similis,
637 3885 693 3920 cum
701 3869 730 3922 iu
742 3876 857 3934 sequente
869 3885 940 3922 uersu
951 3871 983 3920 sit
989 3876 1169 3935 praeposterus.
1227 3890 1228 3895 ¹
