2760 4448
584 292 630 343 IV
1067 294 1128 359 147

78 457 182 519 adtulit
197 457 405 535 Nettleshipius
418 459 448 517 in
462 458 535 519 libro
546 477 634 536 quem
647 458 737 519 modo
751 458 840 519 edidit
850 457 1084 520 ‘Contributions
1099 469 1129 520 to

79 556 167 616 Latin
182 555 422 634 Lexicography’
437 576 466 634 p.
481 577 550 633 409.

119 656 174 716 IV.
191 670 330 732 755-757
347 656 388 714 sic
403 665 503 715 extant
517 656 548 714 in
562 653 679 716 Gembl.

201 753 335 814 Euxinus
357 753 498 814 Scithicos
519 764 626 831 pontus
647 756 777 814 sinuatus
797 755 828 813 in
850 773 932 815 arcus

203 852 264 911 Sub
284 853 408 928 geminis
428 862 457 911 te
478 853 576 913 Phebe
597 853 666 912 colit
685 863 752 929 post
773 853 892 912 brachia
912 853 1006 913 fratris

201 949 329 1013 Vltimus
350 961 379 1010 et
399 952 507 1012 solidos
528 951 650 1027 Ganges
671 962 700 1009 et
720 951 869 1010 transcolit
890 951 975 1010 India
995 971 1108 1012 cancer.

121 1069 179 1142 756
200 1066 269 1125 bost
286 1065 373 1126 Voss.²
416 1080 473 1143 757
488 1069 530 1125 sic
543 1068 618 1124 codd.
632 1068 774 1142 m'siquod
789 1067 1128 1140 Vossdbabeltransrolit,

85 1162 170 1224 Voss.1
185 1165 223 1224 V.
238 1173 267 1224 et
280 1183 391 1242 ganges
405 1176 433 1225 et
446 1175 474 1224 te
489 1165 557 1225 colit
570 1166 651 1224 india
664 1184 778 1225 cancer.

120 1263 223 1323 Scribo

202 1362 264 1421 Sub
284 1360 418 1421 Geminis
440 1372 477 1435 te,
498 1361 624 1434 Phoebe,
647 1361 734 1433 colit3
765 1371 840 1439 post,
862 1360 980 1421 brachia
1001 1360 1095 1421 fratris

200 1459 327 1539 Vltimus
346 1470 375 1519 et
397 1458 517 1536 Ganges
538 1470 567 1520 et
587 1470 666 1519 trans
687 1460 756 1519 colit
777 1460 861 1518 India
883 1459 1018 1536 Gangen,

77 1574 106 1634 h.
122 1585 228 1652 apost
245 1585 273 1633 te
294 1573 388 1633 fratris
409 1575 449 1634 tui
466 1572 628 1654 (Herculis)
644 1575 762 1634 brachia
783 1575 851 1634 colit
872 1584 901 1633 et
922 1573 1043 1652 Ganges
1063 1575 1128 1634 ulti-

77 1691 143 1731 mus
165 1683 195 1732 et
219 1673 304 1731 India
323 1683 402 1731 trans
425 1672 560 1749 Gangen.
602 1672 711 1732 Solidos
728 1692 764 1732 ex
784 1676 850 1732 colit
867 1674 917 1731 hos
938 1673 1128 1750 deprauatum

77 1792 159 1833 reor:
175 1773 206 1832 id
220 1791 288 1832 cum
302 1773 379 1849 prius
395 1791 481 1850 super
492 1773 606 1850 Ganges
616 1775 756 1850 scriptum
767 1773 875 1845 fuisset,
885 1792 954 1834 mox
970 1775 1000 1831 in
1010 1792 1128 1832 uersum

74 1871 155 1930 uenit
183 1870 236 1930 sed
264 1881 431 1947 corruptum
458 1872 489 1928 in
515 1872 635 1930 solidos.
668 1871 779 1931 Pendet
803 1871 876 1931 haec
900 1872 1066 1932 coniectura
1091 1891 1127 1929 ex

75 1969 178 2028 Huetii
205 1968 400 2039 adnotatione,
425 1987 483 2046 qua
513 1969 599 2029 docet
631 1967 774 2029 Geminos
802 1970 893 2029 modo
916 1969 1070 2029 Castorem
1099 1978 1127 2028 et

74 2065 233 2138 Pollucem,
263 2067 354 2126 modo
382 2067 549 2144 Apollinem
584 2077 612 2126 et
648 2067 807 2126 Herculem
842 2068 1020 2127 existimatos
1055 2085 1128 2126 esse.

75 2162 187 2224 Poteris
205 2175 304 2223 tamen
323 2165 405 2224 aliter
419 2166 598 2242 interpretari
619 2165 678 2237 sic3
703 2165 835 2235 Euxinus
850 2165 959 2225 Pontus
974 2164 1127 2225 Phoebum

73 2263 151 2336 colit,
163 2263 300 2322 eumdem
311 2263 410 2323 colunt
420 2264 488 2322 Indi
503 2264 543 2322 cis
552 2273 579 2322 et
589 2276 668 2323 trans
680 2262 815 2341 Gangen,
825 2264 864 2322 ita
872 2273 971 2322 tamen
986 2274 1017 2322 ut
1031 2265 1127 2340 potius

75 2361 237 2421 Herculem
250 2372 432 2421 uenerentur.
472 2361 582 2421 Versus
603 2380 696 2440 genus
718 2363 861 2421 ex·Arat0
882 2363 1013 2438 petitum,
1033 2361 1126 2420 Phae-

74 2478 154 2519 nom.
170 2479 227 2535 301
244 2464 327 2533 Τόξον
339 2461 378 2518 ὅτ’
392 2460 478 2532 horror
492 2459 555 2517 nala
569 2463 610 2517 καὶ
622 2461 719 2536 ῥύτορα
732 2463 821 2532 τόξου.

113 2558 168 2616 IV.
185 2573 221 2633 77
226 2572 326 2633 3-775
343 2558 384 2617 sic
399 2567 498 2617 extant
511 2558 542 2616 in
556 2557 673 2618 Gembl.

198 2673 373 2750 Hesperiam
394 2675 448 2732 sub
469 2673 541 2733 libra
561 2684 639 2733 tenet
661 2692 719 2751 qua
740 2672 858 2733 condita
879 2672 976 2733 Roma

198 2771 286 2832 Orbis
307 2783 335 2831 et
358 2772 478 2849 imperia
498 2773 602 2832 retinet
623 2773 792 2832 discrimina
812 2790 908 2830 rerum

195 2869 343 2930 Lancibus
363 2881 392 2929 et
412 2871 514 2948 positis
533 2881 636 2948 gentes
657 2870 786 2946 tollitque
807 2871 979 2947 premitque.

116 2998 174 3060 773
197 2987 252 3044 sub
275 2986 373 3046 Cano
394 2986 447 3044 sibi
469 2983 553 3044 Voss.1
596 3004 648 3044 sua
670 2982 757 3044 Voss.¹
800 2998 857 3060 774
880 2985 1033 3062 imperium
1058 2984 1126 3044 Cur.

79 3083 164 3142 Voss.1
179 3083 229 3144 bo.
273 3097 331 3159 775
353 3084 463 3160 positas
479 3083 547 3144 Cus.
569 3083 757 3142 Vosszonz‘bo.

114 3182 234 3259 Optime
256 3182 382 3242 Iacobus
403 3182 493 3241 edidit
516 3181 601 3240 Orbis
622 3188 649 3239 et
671 3182 808 3258 zinperio:
834 3181 921 3240 etiarn
946 3180 994 3239 hic
1016 3199 1031 3237 o
1053 3183 1083 3238 in
1107 3201 1126 3238 a

71 3281 230 3358 deprauata
246 3291 298 3339 est.
317 3339 323 3348 ,
336 3279 393 3340 Sed
407 3300 435 3340 u.
445 3294 504 3356 775
514 3291 624 3357 quanto
641 3281 744 3338 melius
759 3278 876 3338 Gembl.
885 3281 987 3356 positis
1001 3280 1126 3338 seruauit

72 3398 163 3457 quarn
177 3379 263 3438 ceteri
275 3380 392 3439 codices
399 3380 528 3456 positas!
569 3379 640 3436 nihil
654 3377 703 3437 illo
716 3378 820 3450 uerius,
834 3376 904 3436 nihil
920 3378 975 3437 hoc
991 3378 1124 3455 ineptius.

113 3486 166 3545 IV.
183 3489 320 3562 778-781
338 3487 380 3545 sie
394 3496 493 3546 extant
508 3487 538 3545 in
553 3484 671 3545 Gembl.

196 3585 320 3645 Inferius
339 3586 432 3645 uictae
454 3586 533 3644 sidus
554 3584 729 3660 carthaginis
750 3603 832 3643 arces

196 3683 234 3742 Et
255 3684 354 3743 libiam
375 3684 520 3760 egiptique
541 3683 616 3741 latus
637 3683 803 3760 donataque
824 3701 890 3741 rura

196 3782 356 3842 Thirrenas
377 3782 501 3841 lacrimis
522 3782 648 3840 radiatus
669 3783 799 3860 scorpius
819 3800 899 3840 arces

194 3881 287 3940 Eruit.

576 3995 595 4034 a
613 3995 627 4033 a
