2760 4448
246 291 306 372 138
561 300 709 351 NOCTES
728 299 979 351 MANILIANAE

244 483 314 522 mur.
355 464 413 522 Vix
428 473 541 540 poterat
555 464 593 523 ad
607 475 740 524 naturam
758 465 815 525 loci
830 466 925 526 dicere
940 467 1052 542 aptius:
1074 464 1294 525 Acroceraunia

244 563 309 639 quis
330 564 429 635 nescit,
448 563 514 622 ‘the
532 572 594 622 vast
607 563 844 623 Acroceraunian
861 565 974 625 walls?'
989 566 1031 625 sic
1050 566 1129 623 enim
1148 563 1294 642 Tennyso

244 671 357 720 nostras
371 663 402 720 in
415 663 562 739 poematio
577 679 636 738 quo
651 662 797 739 Illyricum
812 664 952 739 depinxit.

285 761 321 818 In
343 763 400 818 612
421 763 605 818 circumuolat
624 760 750 837 Scaliger
777 762 874 838 inepte
902 762 960 820 dici
983 761 1131 832 intellexit,
1155 760 1209 821 sed
1238 780 1295 820 nec

243 858 297 916 sibi
318 878 372 918 nec
393 858 454 917 aliis
472 858 778 923 satisfecit-circumluit
796 860 995 920 coniectando.
1037 860 1104 919 Fuit
1123 861 1223 937 potius
1238 862 1297 917 cir·

243 958 387 1033 cumforat
395 978 402 1030 ;
423 975 569 1034 nusquam
588 960 666 1016 enim
684 959 778 1034 magis
792 958 875 1017 tellus
889 958 999 1018 foratur
1019 959 1123 1017 amari
1137 977 1230 1037 quam
1245 959 1296 1016 ubi

244 1055 481 1132 Peloponnesum
497 1055 678 1128 circumfluit,
694 1056 850 1133 praecipue
863 1075 935 1121 uero
953 1058 990 1115 ab
1005 1057 1132 1116 Australi
1147 1067 1231 1133 parte
1245 1057 1297 1114 ubi

244 1155 325 1213 sinus
338 1155 405 1213 facit
419 1154 636 1213 Messeniacum
646 1153 891 1231 Laconicumque.
914 1153 1296 1232 Partieipiumcircumsora-

244 1261 291 1311 tur
305 1262 381 1311 extat
396 1252 473 1329 apud
485 1253 609 1310 Plinium
626 1253 665 1310 H.
678 1251 716 1310 N.
726 1253 791 1311 xvii.
807 1267 863 1326 252
876 1252 990 1311 Earum
1002 1271 1105 1328 quoque
1117 1253 1297 1312 terebrantur

245 1373 317 1411 ossa.
359 1352 537 1428 Amygdalae
550 1371 589 1411 ex
606 1353 716 1409 amaris
730 1352 909 1428 dulccrfiunt
924 1355 953 1410 si
963 1350 1146 1427 circumfosso
1166 1354 1260 1428 stipite
1272 1358 1300 1410 et

245 1453 280 1510 ab
295 1453 352 1509 c'ma
361 1457 443 1526 parte
456 1451 657 1528 circumforato
671 1450 788 1528 defluens
798 1452 903 1526 pituita
917 1450 1116 1527 abstergeatur.

286 1551 339 1609 IV.
355 1551 494 1624 615-617
510 1548 551 1607 sic
569 1548 679 1607 suntin
694 1547 810 1607 Gembl.
839 1573 840 1577 ¹

369 1666 428 1724 Hic
448 1673 555 1741 pontus
576 1663 747 1741 iuuenisque
768 1662 873 1723 fretum
894 1682 1063 1741 mersaeque
1084 1665 1201 1742 puellae

370 1763 515 1823 Tenditur
534 1762 655 1821 inuitum
677 1762 834 1839 faucesque
854 1763 1046 1840 propontidos
1067 1774 1137 1841 apto

368 1861 486 1920 Euxino
507 1862 601 1937 iungit
622 1860 728 1938 pelago
749 1860 876 1921 Maeotis
897 1870 926 1920 et
947 1862 1034 1920 undis

290 1980 348 2051 615
369 1986 478 2053 pontus
497 1978 572 2034 codd.
586 1976 701 2053 penitus
720 1975 846 2034 Iacobus.
889 1978 946 2034 616
968 1986 1038 2053 apto
1063 1971 1131 2036 Cur.
1153 1973 1241 2034 Voss?
1253 1975 1300 2034 bo

248 2087 311 2136 arto
333 2073 417 2134 Vosr.¹
431 2084 500 2151 apta
518 2073 647 2151 Regiam.
661 2073 753 2151 Neap.
768 2084 864 2133 arctae
878 2074 1098 2133 Bonincontrius
1116 2076 1148 2132 in
1165 2095 1299 2134 commcn-

196 2217 198 2223 ι
248 2176 324 2236 tario
338 2185 417 2233 artae
432 2173 562 2250 Scaliger
576 2185 651 2232 artas
665 2172 817 2231 Bentleiies.
862 2175 919 2247 617
942 2172 1022 2250 iungi
1039 2173 1107 2233 Cur.
1285 2245 1288 2252 ι

289 2273 417 2349 Egregia
435 2282 479 2332 est
498 2272 673 2331 emendatio‘
685 2271 785 2331 Iacobi
800 2272 921 2347 pentius,
943 2264 1023 2348 quod
1043 2289 1111 2331 cum
1133 2271 1301 2331 accusatiuo

249 2370 296 2430 hic
311 2372 447 2448 iungitur,
462 2389 529 2430 cum
544 2370 678 2441 ablatiuo,
692 2379 724 2427 ut
737 2369 859 2442 uidetur,
875 2372 933 2442 644
953 2369 1060 2428 Oceano
1068 2371 1191 2446 penitus.
1214 2368 1301 2429 Mare

250 2470 375 2528 tenditur
401 2469 525 2528 inuitum
546 2469 663 2546 penitus
690 2467 916 2544 Hellespontum
944 2467 972 2528 h.
1001 2486 1027 2526 e.
1055 2468 1131 2526 intra
1157 2469 1303 2546 penitiora

251 2567 443 2645 Hellesponti.

291 2675 355 2743 apto
369 2667 415 2725 uel
429 2674 500 2738 arto,
516 2665 596 2744 quod
617 2664 726 2724 habent
747 2665 874 2738 codices
890 2671 969 2723 artae
989 2665 1087 2741 potius
1108 2683 1199 2742 quam
1220 2673 1303 2725 artas

251 2765 338 2824 fuisse
352 2765 540 2825 crediderim:
563 2775 592 2823 et
606 2764 648 2823 sic
661 2763 776 2822 uidetur
790 2765 950 2823 correxisse
965 2763 1202 2824 Bonincontrius

294 2863 346 2922 IV.
362 2865 420 2939 633
436 2882 500 2940 sqq.
515 2863 556 2922 sic
571 2871 671 2921 extant
684 2850 715 2919 in
730 2861 846 2921 Gembl.

375 2987 507 3046 Aduersa
528 2985 678 3045 Euboicos
699 2986 819 3045 miratur
842 2984 948 3044 Grecia
968 2996 1085 3045 montes

374 3086 415 3145 Et
435 3086 558 3162 genitrix
581 3084 669 3143 Creta
690 3084 785 3143 ciuem
807 3085 906 3143 sortita
927 3083 1096 3143 Tonantem

296 3188 355 3261 635
377 3183 522 3260 Aegyptia
543 3201 650 3260 cypros
671 3183 803 3259 pulsatur
825 3182 959 3241 fluctibus
981 3183 1080 3241 omnis

376 3284 494 3358 Totque
516 3283 630 3340 minora
653 3282 715 3340 sola
736 3291 834 3339 tamen
857 3281 1035 3358 emergentia
1055 3290 1149 3358 ponto

376 3381 489 3440 Littora
510 3390 538 3438 et
559 3378 687 3456 aequalis
708 3379 832 3438 ciclades
854 3379 999 3456 delonque
1019 3380 1172 3456 rodonque

377 3479 540 3555 Aulidaque
561 3487 590 3536 et
611 3477 750 3536 tenodum
771 3478 923 3554 uicinaque
945 3477 1055 3536 corsica
1075 3480 1155 3537 terris

377 3578 489 3636 Littora
510 3576 653 3635 sardiniae
674 3578 798 3652 primum
821 3576 951 3634 intrantis
971 3575 1002 3633 in
1023 3577 1094 3634 orbe

298 3681 357 3748 640
380 3662 506 3736 Occeani
527 3676 673 3734 uictricem
694 3676 816 3734 ebusum
837 3686 866 3734 et
886 3675 1028 3734 balearica
1048 3693 1122 3734 rura.

299 3803 357 3875 634
380 3800 468 3859 Creta
490 3800 620 3858 Vossiani
639 3798 706 3859 Cur.
748 3810 856 3873 creterra
875 3818 899 3858 o.
942 3802 1001 3873 635
1022 3801 1063 3857 ric
1084 3797 1170 3859 Voss.²
1185 3808 1214 3858 et
1226 3801 1309 3878 Lrps.

257 3898 390 3959 Pulsatur
405 3898 507 3976 Cipros
526 3899 644 3975 Egiptia
663 3898 796 3958 fluctibus
815 3899 911 3958 omnis
933 3897 1018 3958 Voss.¹
1035 3897 1102 3957 Cur.
1116 3918 1141 3958 o.
1180 3899 1309 3977 Aegypti
