2760 4448
240 211 304 270 ΠΖ
567 257 715 312 Nocres
736 263 988 315 MANJLJANAE

241 374 302 453 604
326 384 441 463 Tereia
463 406 607 488 (Tricena
628 417 658 502 b)
680 421 773 482 forma
798 433 841 484 est
865 434 894 484 et
919 441 1034 484 summo
1059 425 1119 484 iam
1143 443 1173 502 p.
1188 444 1212 486 c.
1238 426 1308 486 Cus.

272 483 338 596 ⁰⁸f·¹
363 494 412 556 b⁰
437 503 547 574 Tereia
575 516 670 578 forma
694 531 723 580 et
747 541 863 582 summo
888 525 950 601 ip.
966 543 993 583 c.
1021 521 1108 582 Voss.²
1150 525 1189 583 T.
1210 523 1308 584 forma

242 589 324 644 uenit
336 587 492 669 Brez'terus
505 624 663 694 comparato
678 622 735 678 606
748 621 891 697 Quaeque
905 622 978 680 infra
992 622 1120 681 ueniens
1157 623 1309 682 Lucanus

285 688 374 750 ueller
387 701 421 758 de
435 725 467 764 re
480 720 557 774 metr.
563 727 596 792 p.
610 721 667 776 216
682 718 776 778 forma
789 731 833 779 est
842 731 924 795 posse
937 721 1044 797 quidem
1058 724 1181 794 sanari,
1193 732 1239 781 est
1253 741 1308 780 non

245 784 391 869 ²⁷¹⁶lm⁰l⁰r
404 809 499 877 ponus
512 818 601 872 tanuen
615 815 710 875 forma
724 818 776 876 erit
789 820 961 878 scribendum
973 821 1102 895 moenalus
1111 826 1153 878 est
1160 839 1173 879 .·
1193 823 1310 878 cuz'non

247 883 398 958 adsentor.

288 983 437 1061 Describit
460 1010 645 1071 undecimam
668 1012 819 1089 regionem
842 1015 1007 1091 proximam
1032 1014 1165 1074 decimae
1191 1025 1221 1073 et
1247 1035 1309 1075 ono

248 1090 364 1152 tantum
386 1098 539 1168 interuallo
558 1130 575 1169 a
593 1112 700 1170 uertice
718 1112 791 1171 caeli
811 1113 984 1172 distantem·
1018 1112 1076 1171 Sed
1095 1113 1200 1170 uitium
1222 1115 1310 1173 traxit

252 1187 320 1262 ⁶04·
363 1195 499 1281 Fortasse
514 1209 590 1267 subit
606 1211 792 1270 scribendum
814 1220 867 1284 est,
882 1210 947 1270 lue.
962 1211 1090 1288 sequitur
1103 1210 1151 1270 uel
1171 1212 1240 1271 loeo
1255 1231 1310 1271 suo

252 1293 391 1366 procedit.

294 1389 349 1455 111.
367 1401 436 1474 606,
453 1407 510 1482 607
527 1406 568 1465 sic
582 1415 682 1466 extant
695 1405 726 1463 in
740 1404 857 1465 Gembl.

376 1497 519 1581 Quaeque
539 1503 614 1562 infra
633 1504 755 1564 ueniens
777 1505 871 1581 spatio
892 1504 985 1564 diuisa
1005 1506 1061 1563 sub
1081 1522 1180 1582 aequo

377 1598 440 1659 Ter
460 1603 682 1680 quinquagenas
704 1601 851 1678 complent
873 1620 925 1660 sua
946 1619 1067 1662 munera
1088 1604 1203 1662 bruma

296 1695 355 1753 606
369 1699 448 1776 sort.
470 1718 565 1778 aequo
582 1711 633 1760 est.
672 1704 729 1776 607
752 1700 813 1760 Ter
827 1702 928 1758 codices
942 1699 998 1759 Per
1011 1699 1143 1779 Scaliger
1156 1703 1313 1780 complent

262 1789 351 1853 Voss?
374 1814 427 1856 sua
451 1798 578 1875 complet
602 1817 641 1860 m.
667 1800 785 1857 brumas
816 1795 902 1858 Voss.¹
944 1799 1072 1876 complet
1100 1817 1154 1858 sua
1182 1818 1313 1861 munera

254 1889 373 1953 brumas
387 1894 505 1974 (bruma
520 1895 600 1976 Cur.)
618 1896 685 1957 Cus.
701 1897 751 1955 bo.

296 1989 417 2052 Videtur
440 2000 480 2053 est
505 1995 647 2054 excidisse
675 1995 705 2055 in
736 1994 794 2054 fine
818 2013 847 2053 u.
872 1997 941 2055 606.
985 1993 1164 2072 sequentem
1189 2014 1313 2056 uersum

255 2090 363 2167 optime
379 2092 506 2169 Scaliger
520 2093 687 2152 emendauit

376 2191 437 2249 Per
458 2191 679 2268 quinquagenas
699 2190 827 2267 complet
847 2209 900 2250 sua
920 2210 1042 2251 munera
1062 2192 1190 2251 brumas.

220 2348 223 2357 ,
296 2286 372 2361 Quis
386 2289 485 2348 credat
498 2290 585 2348 etiam
600 2290 630 2346 in
644 2288 759 2348 Molinii
773 2289 932 2348 editionem
943 2288 1050 2369 (1551)
1065 2290 1185 2350 durasse
1200 2290 1268 2362 Ter,
1279 2302 1314 2351 ut

255 2389 407 2447 comicum
421 2388 481 2446 uita
494 2397 593 2464 posset
607 2387 776 2445 hominibus
790 2388 980 2464 contingere?

297 2486 351 2544 111.
367 2489 506 2560 614-617
523 2486 565 2544 sic
580 2495 679 2544 extant
692 2486 722 2543 in
738 2484 854 2544 Gembl.

378 2584 469 2657 Quod
490 2602 577 2660 super
598 2602 719 2642 occasus
740 2592 911 2660 temptatum
933 2593 977 2643 est
997 2584 1075 2643 dena
1095 2584 1215 2643 remittit

298 2686 357 2757 615
378 2683 534 2741 Armorum
557 2682 649 2758 spatia
669 2692 699 2741 et
719 2681 863 2740 decimam
884 2683 975 2742 tribus
996 2684 1123 2761 applicat
1145 2684 1239 2744 auctis

378 2781 503 2840 Interius
523 2799 644 2858 puerum
666 2781 811 2840 interimet
831 2781 1053 2858 bissexperactis

378 2880 539 2938 Immatura
560 2877 654 2937 trahet
674 2878 777 2937 natalis
798 2897 922 2955 corpora
942 2882 1072 2940 morbus.

299 2980 357 3050 614
378 2985 411 3035 ut
429 2975 544 3049 Gembl.,
566 2975 633 3035 Cas.
657 2974 743 3034 Voss.l
764 2977 804 3035 bo
824 2983 857 3048 et,
878 2975 978 3035 Iacobo
992 2985 1062 3050 teste,
1075 2979 1158 3055 Lz'ps.
1201 2979 1262 3038 Sed
1280 2983 1313 3038 in

261 3076 364 3137 Gembl.
378 3076 409 3134 T
402 3076 543 3133 domnus
557 3076 703 3132 aduolauit
719 3077 906 3150 ‘temptatum
917 3072 960 3152 (tu
975 3078 1005 3135 in
1016 3075 1088 3156 ras.)
1099 3087 1143 3135 est
1155 3075 1183 3157 (e
1195 3080 1226 3136 in
1238 3079 1312 3155 ras.)

258 3175 333 3234 dena
343 3194 382 3234 ex
396 3174 463 3233 deni
473 3192 545 3231 corr.
554 3183 605 3247 pr.
617 3173 662 3230 m!
691 3181 861 3248 temptatum
874 3174 1004 3233 terdena
1020 3174 1105 3233 Voss.²
1132 3186 1312 3252 temptatum

257 3281 302 3333 est
322 3285 365 3332 ter
383 3273 459 3332 dena
477 3274 531 3329 duo
550 3272 652 3328 codices
665 3291 684 3329 a
698 3268 824 3346 Bollz‘gt'o
838 3273 941 3342 collati,
964 3272 1027 3332 Vrb.
1043 3276 1111 3348 667,
1126 3276 1186 3333 668
1214 3285 1313 3352 temp·

257 3381 349 3432 tatum
374 3381 417 3430 est
442 3370 520 3429 dona
550 3368 699 3427 Vaticanus
724 3371 804 3442 5160
827 3370 948 3428 renutrit
978 3370 1123 3430 Vrbinutes
1143 3372 1224 3431 ambo
1249 3375 1312 3446 615

257 3470 362 3529 decum
380 3466 467 3527 Voss.²
480 3475 506 3526 et
522 3467 666 3525 Vrbinates
680 3469 783 3524 omissa
797 3468 905 3542 reliqua
913 3475 998 3543 parte
1011 3488 1111 3528 uersus
1121 3471 1228 3547 aplicat
1242 3469 1313 3530 Cus.

257 3568 347 3628 auctis
367 3567 393 3628 b.
434 3569 492 3625 616
514 3564 638 3623 Interius
659 3581 781 3640 puerum
803 3564 888 3623 Voss?
910 3569 1021 3624 omneis
1040 3587 1112 3642 quac
1130 3576 1262 3627 secuntur
1280 3572 1313 3628 in

257 3686 342 3725 uersu
355 3666 400 3725 bis
414 3682 523 3740 sexque
539 3661 607 3721 Cus.
621 3669 648 3719 et
653 3663 780 3737 plerique
794 3662 917 3722 Inferius
929 3665 969 3722 ed.
984 3664 1191 3724 Bomizcontrti'.

299 3765 449 3822 Inmatura
471 3761 601 3820 Vossz'am'
612 3759 726 3818 trahant
744 3759 829 3822 Voss.²
844 3761 957 3820 trahent
977 3761 1061 3822 Voss.1
1077 3763 1171 3823 trahet
1186 3762 1255 3825 Cus.
1268 3767 1315 3825 bo

258 3879 380 3938 corpore
401 3861 485 3918 Voss.l
499 3858 585 3916 morti
602 3856 669 3915 Cus.
690 3858 880 3919 Vossz'anz'bo.
