2760 4448
689 227 709 276 I
1188 228 1224 272 11

172 403 298 463 summis
325 403 426 462 infima
454 403 554 480 argui;
583 401 640 462 hoc
669 402 748 461 enim
770 411 815 460 est
839 400 929 459 media
951 399 1085 458 extremis
1109 397 1226 469 credere,

172 505 275 560 ultima
292 504 417 560 summes.
458 501 545 560 Velut
559 511 690 560 extrema
705 518 773 559 cum
787 499 921 557 uidemus
936 497 1083 570 Centauri,
1098 497 1143 555 his
1157 497 1227 556 uisis

173 601 216 660 sic
226 601 374 659 credimus
382 610 414 659 ut
427 600 538 659 medias
549 599 636 658 etiam
647 608 744 675 partes
755 598 785 655 in
795 596 933 656 Centauri
942 595 1035 672 figura
1046 595 1225 672 expleamus.

172 699 289 757 Clarius
306 709 404 756 tamen
424 715 542 757 sensum
559 697 688 775 explices
704 696 727 754 si
743 696 844 774 infime
864 695 982 754 scribas.
1023 693 1225 752 Bentleianum

171 795 346 854 Redduntur
358 815 419 867 non
433 796 520 855 uideo
535 814 587 856 cur
600 795 763 872 recipiatur.

214 894 238 953 1·
255 908 396 970 515-517

296 992 406 1052 Omnia
426 991 541 1050 mortali
562 999 710 1050 mutantur
730 990 795 1068 lege
816 999 912 1049 creata

294 1088 359 1148 Nec
380 1108 413 1149 se
434 1100 617 1166 cognoscunt
637 1099 730 1148 terrae
750 1088 931 1146 uertentibus
953 1085 1039 1145 annis

295 1187 407 1247 Exutas
427 1188 539 1246 uariam
560 1187 664 1247 faciem
685 1207 738 1264 per
758 1186 875 1247 saecula
895 1194 1006 1262 gentes.

170 1286 218 1344 lta
240 1284 355 1345 Gembl.
379 1303 448 1344 cum
473 1286 583 1356 ceteris,
606 1286 663 1344 nisi
685 1286 765 1362 quod
787 1285 818 1342 in
841 1283 987 1360 Lipsiensi
1009 1282 1104 1360 prima
1128 1281 1221 1340 littera

168 1384 307 1442 uocabuli
321 1382 467 1463 (Elxutar
481 1385 591 1443 omissa
604 1394 655 1444 est.
697 1384 736 1442 Et
749 1402 800 1442 cur
815 1402 875 1442 non
891 1390 969 1441 recte
988 1382 1030 1440 sic
1048 1381 1146 1439 locum
1165 1389 1223 1438 tra·

169 1482 265 1541 ditum
289 1483 459 1541 existimes?
505 1481 654 1542 Sententia
678 1492 721 1541 est
749 1489 841 1540 terrae
869 1481 931 1540 siue
959 1488 1099 1538 terrarum
1127 1488 1223 1555 partes

169 1581 302 1640 diuersae
322 1601 377 1639 non
401 1602 429 1639 se
450 1589 617 1657 cognoscunt
634 1592 734 1659 utpote
756 1600 823 1640 cum
845 1581 874 1639 in
895 1589 997 1656 gentes
1018 1587 1144 1636 mutatae
1166 1578 1223 1636 sint

168 1697 246 1756 quae
260 1680 371 1738 uariam
384 1679 489 1739 faciem
503 1681 635 1739 exuerint
652 1701 704 1758 per
718 1681 841 1741 saecula.
886 1679 971 1737 ‘The
991 1677 1071 1737 earth
1085 1677 1156 1734 does
1171 1686 1223 1735 not

168 1778 324 1854 recognize
338 1779 417 1838 itself
427 1789 458 1837 to
472 1779 510 1837 be
525 1778 572 1837 the
587 1789 766 1855 component
788 1796 869 1838 races
883 1776 976 1836 which
994 1777 1066 1836 have
1085 1775 1141 1834 lost
1162 1774 1221 1833 and

167 1875 303 1952 changed
317 1877 390 1936 their
403 1876 528 1936 features
542 1877 619 1937 from
633 1897 688 1954 age
704 1889 734 1937 to
750 1875 822 1954 age!

210 1974 236 2033 1.
251 1977 354 2049 548‚9

292 2071 447 2131 Summum
467 2073 553 2151 igitur
574 2074 646 2133 caeli
668 2073 712 2132 bis
733 2073 803 2133 bina
823 2071 927 2150 refugit
947 2072 986 2131 ab
1007 2071 1068 2131 imo

290 2170 383 2229 Astra·
398 2172 441 2230 bis
462 2173 540 2230 senis
560 2182 592 2230 ut
613 2173 649 2232 sit
670 2190 737 2250 pars
757 2172 842 2230 tertia
863 2171 963 2248 signis.

207 2267 302 2326 Astra
313 2267 536 2329 Gemblacensis
547 2288 615 2329 cum
628 2265 764 2330 Cusano:
779 2277 856 2328 astro
865 2268 1004 2328 Vossiani
1015 2268 1083 2325 duo.
1107 2266 1219 2326 Verum

166 2366 241 2424 uidit
248 2365 398 2426 Bentleius
409 2387 476 2427 cum
488 2368 559 2426 illud
570 2370 736 2445 praeferret,
747 2369 932 2444 crederetque
944 2366 1087 2426 excidisse
1096 2387 1117 2438 e,
1128 2367 1219 2425 modo

166 2465 209 2522 bis
223 2485 244 2536 e,
258 2484 320 2524 non
334 2487 347 2523 e
361 2467 403 2524 bis
417 2468 571 2544 posuisset.

207 2564 232 2623 1·
248 2568 389 2640 552-556

290 2663 370 2723 Hinc
393 2664 479 2740 igitur
499 2664 696 2743 quodcunque
717 2684 805 2741 supra
826 2674 854 2723 te
877 2665 998 2741 suspicis
1019 2665 1083 2740 ipse

290 2761 359 2833 Qua
378 2780 431 2839 per
452 2764 538 2822 inane
560 2774 657 2822 meant
678 2764 754 2821 oculi
776 2783 893 2841 quaque
914 2765 953 2822 ire
975 2771 1111 2821 recusant

288 2858 370 2918 Binis
392 2861 577 2937 aequandum
598 2872 642 2920 est
663 2862 760 2937 signis.
796 2881 847 2920 sex
869 2872 948 2920 tanta
970 2863 1113 2920 rotundae

207 2972 266 3033 555
288 2957 425 3017 Efficiunt
447 2959 548 3018 orbem
570 2978 670 3030 zonae,
693 2978 752 3036 qua
773 2960 857 3034 signa
877 2960 1007 3018 feruntur

288 3055 338 3115 Bis
360 3076 411 3116 sex
433 3046 546 3136 aequali
568 3059 661 3135 spatio
683 3059 810 3117 texentia
831 3058 950 3117 caelum.

206 3168 264 3228 554
287 3166 418 3215 sextante
433 3177 456 3215 0.
534 3162 535 3166 ’
1173 3212 1176 3219 .

164 3253 277 3312 Verum
297 3255 384 3314 credo
399 3256 429 3313 id
443 3257 525 3332 quod
539 3256 569 3314 in
584 3277 600 3314 0
613 3266 656 3314 est
673 3262 809 3314 sextante.
852 3254 931 3313 Nam
950 3256 980 3313 in
999 3255 1056 3314 hoc
1076 3254 1216 3314 Manilius

163 3351 276 3423 insistit,
292 3364 322 3411 ut
344 3355 424 3431 quod
445 3355 518 3413 caeli
538 3356 664 3432 spatium
686 3372 774 3430 supra
795 3365 823 3413 te
845 3364 888 3412 est
906 3354 976 3432 (hoc
997 3363 1096 3425 estut
1117 3354 1214 3412 uerbis

162 3460 227 3509 utar
249 3450 394 3528 Pingraei,
419 3453 546 3529 spatium
569 3453 658 3530 capiti
683 3463 733 3513 tuo
755 3453 927 3512 uerticaliter
951 3450 1118 3530 imminens)
1141 3453 1216 3509 btizt'r

162 3549 253 3626 signis
267 3568 372 3609 aecum
386 3550 543 3611 habeatur:
565 3551 623 3610 hoc
639 3553 680 3611 sic
695 3552 877 3628 persequitur
898 3560 929 3609 ut
950 3552 1012 3610 aliis
1026 3550 1122 3609 uerbis
1136 3550 1215 3608 idem

162 3647 248 3718 dicat,
263 3665 345 3706 more
367 3667 432 3708 suo:
451 3650 537 3707 ‘bina
548 3649 623 3720 dico,
634 3650 703 3727 quia
716 3651 757 3708 xii
772 3652 855 3726 signa
869 3651 897 3708 in
916 3669 930 3707 2
943 3665 963 3706 Χ
975 3652 992 3706 6
1008 3648 1214 3707 distribuuntur

161 3756 191 3804 et
211 3746 252 3805 sic
274 3745 441 3822 signiferum
463 3748 607 3807 efficiunt?
649 3748 729 3808 Nam
742 3754 869 3807 sextante
886 3765 959 3824 quae
978 3757 1022 3805 est
1042 3756 1124 3804 sexta
1145 3765 1215 3822 pars

162 3845 234 3904 assis
255 3845 316 3904 siue
337 3846 376 3904 xii
397 3847 554 3920 unciarum,
572 3850 624 3906 duo
641 3848 703 3907 uult
725 3847 851 3923 intelligi.
893 3847 995 3924 Itaque
1017 3844 1139 3922 efficiant
1159 3864 1214 3922 pro
