<?xml version="1.0" encoding="UTF-8"?>
<!DOCTYPE html PUBLIC "-//W3C//DTD XHTML 1.0 Transitional//EN"
    "http://www.w3.org/TR/xhtml1/DTD/xhtml1-transitional.dtd">
<html xmlns="http://www.w3.org/1999/xhtml" xml:lang="en" lang="en">
 <head>
  <title>
</title>
<meta http-equiv="Content-Type" content="text/html;charset=utf-8" />
  <meta name='ocr-system' content='tesseract 3.04.00' />
  <meta name='ocr-capabilities' content='ocr_page ocr_carea ocr_par ocr_line ocrx_word'/>
</head>
<body>
  <div class='ocr_page' id='page_1' title='image "./noctesmaniliana00elligoog/noctesmaniliana00elligoog_0050.png"; bbox 0 0 2760 4448; ppageno 0'>
   <div class='ocr_carea' id='block_1_1' title="bbox 668 217 707 269">
    <p class='ocr_par' dir='ltr' id='par_1_1' title="bbox 668 217 707 269">
     <span class='ocr_line' id='line_1_1' title="bbox 668 217 707 269; baseline 0 0"><span class='ocrx_word' id='word_1_1' title='bbox 668 217 707 269; x_wconf 79' lang='lat' dir='ltr'><em>tt</em></span> 
     </span>
    </p>
   </div>
   <div class='ocr_carea' id='block_1_2' title="bbox 149 394 1220 1753">
    <p class='ocr_par' dir='ltr' id='par_1_2' title="bbox 149 394 1220 1753">
     <span class='ocr_line' id='line_1_2' title="bbox 223 394 1020 474; baseline -0.006 -16"><span class='ocrx_word' id='word_1_2' title='bbox 223 415 262 474; x_wconf 87' lang='grc'><em>55</em></span> <span class='ocrx_word' id='word_1_3' title='bbox 285 397 383 471; x_wconf 91' lang='lat' dir='ltr'><em>Quam</em></span> <span class='ocrx_word' id='word_1_4' title='bbox 405 414 501 474; x_wconf 92' lang='lat' dir='ltr'><em>neque</em></span> <span class='ocrx_word' id='word_1_5' title='bbox 524 396 628 456; x_wconf 89' lang='lat' dir='ltr'><em>durato</em></span> <span class='ocrx_word' id='word_1_6' title='bbox 650 395 792 472; x_wconf 83' lang='lat' dir='ltr'><strong>gustarint</strong></span> <span class='ocrx_word' id='word_1_7' title='bbox 813 413 864 455; x_wconf 87' lang='lat' dir='ltr'><em>ore</em></span> <span class='ocrx_word' id='word_1_8' title='bbox 884 394 1020 453; x_wconf 89' lang='lat' dir='ltr'><em>uolucres</em></span> 
     </span>
     <span class='ocr_line' id='line_1_3' title="bbox 283 493 980 573; baseline -0.007 -18"><span class='ocrx_word' id='word_1_9' title='bbox 283 497 350 573; x_wconf 89' lang='lat' dir='ltr'><em>Ipse</em></span> <span class='ocrx_word' id='word_1_10' title='bbox 371 513 425 555; x_wconf 90' lang='lat' dir='ltr'><em>nec</em></span> <span class='ocrx_word' id='word_1_11' title='bbox 448 494 582 555; x_wconf 85' lang='lat' dir='ltr'><em>aethereo</em></span> <span class='ocrx_word' id='word_1_12' title='bbox 604 493 741 554; x_wconf 90' lang='lat' dir='ltr'><em>Phoebus</em></span> <span class='ocrx_word' id='word_1_13' title='bbox 761 494 890 552; x_wconf 88' lang='lat' dir='ltr'><em>libauerit</em></span> <span class='ocrx_word' id='word_1_14' title='bbox 910 493 980 570; x_wconf 83' lang='lat' dir='ltr'><strong>igni.</strong></span> 
     </span>
     <span class='ocr_line' id='line_1_4' title="bbox 248 592 1000 672; baseline -0.008 -18"><span class='ocrx_word' id='word_1_15' title='bbox 248 662 252 672; x_wconf 31' lang='grc' dir='ltr'>Ι</span> <span class='ocrx_word' id='word_1_16' title='bbox 285 594 394 654; x_wconf 89' lang='lat' dir='ltr'><em>Nostra</em></span> <span class='ocrx_word' id='word_1_17' title='bbox 412 594 516 671; x_wconf 88' lang='lat' dir='ltr'><em>loquar</em></span> <span class='ocrx_word' id='word_1_18' title='bbox 537 593 607 652; x_wconf 92' lang='lat' dir='ltr'><em>nulli</em></span> <span class='ocrx_word' id='word_1_19' title='bbox 630 603 729 652; x_wconf 90' lang='lat' dir='ltr'><em>uatum</em></span> <span class='ocrx_word' id='word_1_20' title='bbox 749 592 920 652; x_wconf 90' lang='lat' dir='ltr'>debebimus</span> <span class='ocrx_word' id='word_1_21' title='bbox 940 609 1000 661; x_wconf 90' lang='lat' dir='ltr'><em>ora,</em></span> 
     </span>
     <span class='ocr_line' id='line_1_5' title="bbox 284 689 1086 768; baseline -0.006 -17"><span class='ocrx_word' id='word_1_22' title='bbox 284 692 348 752; x_wconf 91' lang='lat' dir='ltr'><em>Nec</em></span> <span class='ocrx_word' id='word_1_23' title='bbox 369 693 488 764; x_wconf 85' lang='lat' dir='ltr'><em>furtum,</em></span> <span class='ocrx_word' id='word_1_24' title='bbox 510 692 562 750; x_wconf 92' lang='lat' dir='ltr'><em>sed</em></span> <span class='ocrx_word' id='word_1_25' title='bbox 583 709 668 768; x_wconf 75' lang='lat' dir='ltr'><em>opus‘</em></span> <span class='ocrx_word' id='word_1_26' title='bbox 679 692 784 762; x_wconf 92' lang='lat' dir='ltr'><em>ueniet,</em></span> <span class='ocrx_word' id='word_1_27' title='bbox 808 690 929 766; x_wconf 92' lang='lat' dir='ltr'><em>soloque</em></span> <span class='ocrx_word' id='word_1_28' title='bbox 951 689 1086 749; x_wconf 90' lang='lat' dir='ltr'><em>uolamus</em></span> 
     </span>
     <span class='ocr_line' id='line_1_6' title="bbox 224 787 1076 867; baseline -0.007 -17"><span class='ocrx_word' id='word_1_29' title='bbox 224 805 263 867; x_wconf 85' lang='lat'><em>59</em></span> <span class='ocrx_word' id='word_1_30' title='bbox 286 793 323 849; x_wconf 95' lang='lat' dir='ltr'><em>In</em></span> <span class='ocrx_word' id='word_1_31' title='bbox 344 791 459 850; x_wconf 89' lang='lat' dir='ltr'><em>caelum</em></span> <span class='ocrx_word' id='word_1_32' title='bbox 480 809 577 862; x_wconf 89' lang='lat' dir='ltr'><em>curru,</em></span> <span class='ocrx_word' id='word_1_33' title='bbox 597 790 716 867; x_wconf 90' lang='lat' dir='ltr'><em>propria</em></span> <span class='ocrx_word' id='word_1_34' title='bbox 736 798 798 849; x_wconf 90' lang='lat' dir='ltr'><em>rate</em></span> <span class='ocrx_word' id='word_1_35' title='bbox 819 789 953 866; x_wconf 89' lang='lat' dir='ltr'><em>pellimus</em></span> <span class='ocrx_word' id='word_1_36' title='bbox 974 787 1076 845; x_wconf 85' lang='lat' dir='ltr'><em>undas.</em></span> 
     </span>
     <span class='ocr_line' id='line_1_7' title="bbox 203 884 1212 966; baseline -0.008 -18"><span class='ocrx_word' id='word_1_37' title='bbox 203 889 346 966; x_wconf 83' lang='lat' dir='ltr'>gustarint</span> <span class='ocrx_word' id='word_1_38' title='bbox 370 888 474 948; x_wconf 83' lang='lat' dir='ltr'><em>Gembl.</em></span> <span class='ocrx_word' id='word_1_39' title='bbox 494 897 643 965; x_wconf 83' lang='lat' dir='ltr'>gustarent</span> <span class='ocrx_word' id='word_1_40' title='bbox 666 887 734 947; x_wconf 88' lang='lat' dir='ltr'><em>Cus.</em></span> <span class='ocrx_word' id='word_1_41' title='bbox 755 895 908 965; x_wconf 88' lang='lat' dir='ltr'><em>gustarunt</em></span> <span class='ocrx_word' id='word_1_42' title='bbox 929 887 1060 944; x_wconf 85' lang='lat' dir='ltr'><em>Vossc&#39;ani</em></span> <span class='ocrx_word' id='word_1_43' title='bbox 1077 890 1104 942; x_wconf 84' lang='lat' dir='ltr'><em>et</em></span> <span class='ocrx_word' id='word_1_44' title='bbox 1114 884 1212 960; x_wconf 83' lang='lat' dir='ltr'><em>Lipsi-</em></span> 
     </span>
     <span class='ocr_line' id='line_1_8' title="bbox 160 981 1217 1063; baseline -0.005 -17"><span class='ocrx_word' id='word_1_45' title='bbox 160 990 244 1047; x_wconf 82' lang='lat' dir='ltr'><em>ensis.</em></span> <span class='ocrx_word' id='word_1_46' title='bbox 280 1001 318 1062; x_wconf 84' lang='lat'><em>57</em></span> <span class='ocrx_word' id='word_1_47' title='bbox 333 987 465 1045; x_wconf 90' lang='lat' dir='ltr'><em>libauerit</em></span> <span class='ocrx_word' id='word_1_48' title='bbox 469 989 595 1063; x_wconf 83' lang='lat' dir='ltr'><em>plerique</em></span> <span class='ocrx_word' id='word_1_49' title='bbox 606 987 751 1046; x_wconf 89' lang='lat' dir='ltr'><em>librauerit</em></span> <span class='ocrx_word' id='word_1_50' title='bbox 766 984 872 1045; x_wconf 86' lang='lat' dir='ltr'><em>Gembl.</em></span> <span class='ocrx_word' id='word_1_51' title='bbox 916 988 953 1060; x_wconf 89' lang='lat'><em>58</em></span> <span class='ocrx_word' id='word_1_52' title='bbox 963 984 1096 1043; x_wconf 89' lang='lat' dir='ltr'><em>uolamus</em></span> <span class='ocrx_word' id='word_1_53' title='bbox 1109 981 1217 1042; x_wconf 85' lang='lat' dir='ltr'><em>Gembl.</em></span> 
     </span>
     <span class='ocr_line' id='line_1_9' title="bbox 161 1082 672 1162; baseline 0 -18"><span class='ocrx_word' id='word_1_54' title='bbox 161 1086 297 1146; x_wconf 83' lang='lat' dir='ltr'><strong>locamus</strong></span> <span class='ocrx_word' id='word_1_55' title='bbox 315 1085 447 1144; x_wconf 87' lang='lat' dir='ltr'><em>Vossiam&#39;</em></span> <span class='ocrx_word' id='word_1_56' title='bbox 457 1082 586 1162; x_wconf 89' lang='lat' dir='ltr'><em>loquam&#39;</em></span> <span class='ocrx_word' id='word_1_57' title='bbox 603 1084 672 1144; x_wconf 89' lang='lat' dir='ltr'><em>Cus.</em></span> 
     </span>
     <span class='ocr_line' id='line_1_10' title="bbox 149 1179 1216 1264; baseline -0.007 -21"><span class='ocrx_word' id='word_1_58' title='bbox 149 1258 152 1264; x_wconf 22' lang='grc' dir='ltr'>Ι</span> <span class='ocrx_word' id='word_1_59' title='bbox 206 1185 334 1243; x_wconf 84' lang='lat' dir='ltr'><em>uolumus</em></span> <span class='ocrx_word' id='word_1_60' title='bbox 351 1184 405 1243; x_wconf 91' lang='lat' dir='ltr'><em>etsi</em></span> <span class='ocrx_word' id='word_1_61' title='bbox 425 1183 561 1242; x_wconf 88' lang='lat' dir='ltr'><em>traditum</em></span> <span class='ocrx_word' id='word_1_62' title='bbox 582 1194 625 1242; x_wconf 92' lang='lat' dir='ltr'><em>est</em></span> <span class='ocrx_word' id='word_1_63' title='bbox 646 1184 677 1242; x_wconf 92' lang='lat' dir='ltr'><em>in</em></span> <span class='ocrx_word' id='word_1_64' title='bbox 700 1182 826 1254; x_wconf 92' lang='lat' dir='ltr'><em>Gembl.,</em></span> <span class='ocrx_word' id='word_1_65' title='bbox 848 1181 926 1241; x_wconf 87' lang='lat' dir='ltr'><em>aliud</em></span> <span class='ocrx_word' id='word_1_66' title='bbox 945 1181 1059 1240; x_wconf 89' lang='lat' dir='ltr'><em>uidetur</em></span> <span class='ocrx_word' id='word_1_67' title='bbox 1077 1180 1165 1239; x_wconf 86' lang='lat' dir='ltr'><em>fuisse</em></span> <span class='ocrx_word' id='word_1_68' title='bbox 1185 1179 1216 1237; x_wconf 91' lang='lat' dir='ltr'><em>in</em></span> 
     </span>
     <span class='ocr_line' id='line_1_11' title="bbox 163 1277 1217 1358; baseline -0.005 -17"><span class='ocrx_word' id='word_1_69' title='bbox 163 1281 324 1358; x_wconf 89' lang='lat' dir='ltr'><em>archetypo</em></span> <span class='ocrx_word' id='word_1_70' title='bbox 352 1281 431 1340; x_wconf 92' lang='lat' dir='ltr'><em>unde</em></span> <span class='ocrx_word' id='word_1_71' title='bbox 459 1281 539 1341; x_wconf 93' lang='lat' dir='ltr'><em>ducti</em></span> <span class='ocrx_word' id='word_1_72' title='bbox 567 1293 634 1341; x_wconf 90' lang='lat' dir='ltr'><em>sunt</em></span> <span class='ocrx_word' id='word_1_73' title='bbox 663 1281 798 1341; x_wconf 91' lang='lat' dir='ltr'><em>Cusanus</em></span> <span class='ocrx_word' id='word_1_74' title='bbox 822 1288 851 1338; x_wconf 91' lang='lat' dir='ltr'><em>et</em></span> <span class='ocrx_word' id='word_1_75' title='bbox 876 1279 1015 1338; x_wconf 92' lang='lat' dir='ltr'><em>Vossiani</em></span> <span class='ocrx_word' id='word_1_76' title='bbox 1034 1279 1103 1337; x_wconf 89' lang='lat' dir='ltr'><em>duo.</em></span> <span class='ocrx_word' id='word_1_77' title='bbox 1137 1277 1217 1336; x_wconf 91' lang='lat' dir='ltr'><em>Nam</em></span> 
     </span>
     <span class='ocr_line' id='line_1_12' title="bbox 164 1376 1218 1461; baseline -0.003 -23"><span class='ocrx_word' id='word_1_78' title='bbox 164 1380 284 1456; x_wconf 86' lang='lat' dir='ltr'><em>loquam&#39;</em></span> <span class='ocrx_word' id='word_1_79' title='bbox 296 1377 400 1461; x_wconf 76' lang='lat' dir='ltr'><em>(Gna),</em></span> <span class='ocrx_word' id='word_1_80' title='bbox 411 1381 535 1460; x_wconf 77' lang='lat' dir='ltr'><em>locamus</em></span> <span class='ocrx_word' id='word_1_81' title='bbox 546 1376 657 1458; x_wconf 89' lang='lat' dir='ltr'><em>(Voss.¹</em></span> <span class='ocrx_word' id='word_1_82' title='bbox 673 1391 702 1439; x_wconf 91' lang='lat' dir='ltr'><em>et</em></span> <span class='ocrx_word' id='word_1_83' title='bbox 710 1377 734 1461; x_wconf 75' lang='grc'><em>2)</em></span> <span class='ocrx_word' id='word_1_84' title='bbox 745 1399 782 1439; x_wconf 89' lang='lat' dir='ltr'><em>ex</em></span> <span class='ocrx_word' id='word_1_85' title='bbox 794 1397 930 1437; x_wconf 88' lang='lat' dir='ltr'><em>uocomur</em></span> <span class='ocrx_word' id='word_1_86' title='bbox 940 1379 1028 1438; x_wconf 89' lang='lat' dir='ltr'><em>credo</em></span> <span class='ocrx_word' id='word_1_87' title='bbox 1038 1378 1218 1454; x_wconf 88' lang='lat' dir='ltr'><em>prouenisse.</em></span> 
     </span>
     <span class='ocr_line' id='line_1_13' title="bbox 166 1478 905 1555; baseline -0.004 -17"><span class='ocrx_word' id='word_1_88' title='bbox 166 1479 207 1538; x_wconf 93' lang='lat' dir='ltr'><em>II.</em></span> <span class='ocrx_word' id='word_1_89' title='bbox 225 1498 282 1551; x_wconf 86' lang='lat'><em>124</em></span> <span class='ocrx_word' id='word_1_90' title='bbox 297 1479 420 1555; x_wconf 83' lang='lat' dir='ltr'><em>caeloque</em></span> <span class='ocrx_word' id='word_1_91' title='bbox 433 1481 542 1537; x_wconf 84' lang='lat' dir='ltr'><em>ueniret</em></span> <span class='ocrx_word' id='word_1_92' title='bbox 557 1478 639 1550; x_wconf 85' lang='lat' dir='ltr'><em>Quod</em></span> <span class='ocrx_word' id='word_1_93' title='bbox 650 1487 732 1538; x_wconf 89' lang='lat' dir='ltr'><em>uocat</em></span> <span class='ocrx_word' id='word_1_94' title='bbox 745 1481 776 1536; x_wconf 91' lang='lat' dir='ltr'><em>in</em></span> <span class='ocrx_word' id='word_1_95' title='bbox 790 1479 905 1536; x_wconf 87' lang='lat' dir='ltr'><em>caelum.</em></span> 
     </span>
     <span class='ocr_line' id='line_1_14' title="bbox 211 1572 1219 1654; baseline -0.003 -19"><span class='ocrx_word' id='word_1_96' title='bbox 211 1590 251 1651; x_wconf 87' lang='lat'><em>54</em></span> <span class='ocrx_word' id='word_1_97' title='bbox 273 1577 444 1635; x_wconf 81' lang='lat' dir='ltr'><em>meditantem</em></span> <span class='ocrx_word' id='word_1_98' title='bbox 466 1576 662 1654; x_wconf 89' lang='lat' dir='ltr'><em>Rossbergius</em></span> <span class='ocrx_word' id='word_1_99' title='bbox 687 1578 718 1636; x_wconf 92' lang='lat' dir='ltr'><em>in</em></span> <span class='ocrx_word' id='word_1_100' title='bbox 742 1577 923 1635; x_wconf 83' lang='lat' dir='ltr'><em>modulantem</em></span> <span class='ocrx_word' id='word_1_101' title='bbox 947 1575 1078 1635; x_wconf 86' lang='lat' dir='ltr'><em>refinxit:</em></span> <span class='ocrx_word' id='word_1_102' title='bbox 1107 1574 1158 1634; x_wconf 91' lang='lat' dir='ltr'><em>sed</em></span> <span class='ocrx_word' id='word_1_103' title='bbox 1183 1572 1219 1633; x_wconf 84' lang='lat' dir='ltr'><em>cf.</em></span> 
     </span>
     <span class='ocr_line' id='line_1_15' title="bbox 167 1671 1220 1753; baseline -0.004 -19"><span class='ocrx_word' id='word_1_104' title='bbox 167 1674 257 1734; x_wconf 88' lang='lat' dir='ltr'><em>Lucr.</em></span> <span class='ocrx_word' id='word_1_105' title='bbox 274 1675 310 1733; x_wconf 89' lang='lat' dir='ltr'><em>vi.</em></span> <span class='ocrx_word' id='word_1_106' title='bbox 333 1693 387 1732; x_wconf 86' lang='lat'><em>112</em></span> <span class='ocrx_word' id='word_1_107' title='bbox 407 1674 452 1733; x_wconf 87' lang='lat' dir='ltr'><em>Et</em></span> <span class='ocrx_word' id='word_1_108' title='bbox 458 1677 589 1753; x_wconf 70' lang='lat' dir='ltr'><em>fragibi</em></span> <span class='ocrx_word' id='word_1_109' title='bbox 609 1678 716 1734; x_wconf 88' lang='lat' dir='ltr'><em>sonitus</em></span> <span class='ocrx_word' id='word_1_110' title='bbox 736 1675 901 1734; x_wconf 81' lang='lat' dir='ltr'><em>chartarum</em></span> <span class='ocrx_word' id='word_1_111' title='bbox 918 1676 1125 1733; x_wconf 81' lang='lat' dir='ltr'><em>commcdctotur</em></span> <span class='ocrx_word' id='word_1_112' title='bbox 1145 1671 1220 1753; x_wconf 87' lang='lat' dir='ltr'><em>(car-</em></span> 
     </span>
    </p>
   </div>
   <div class='ocr_carea' id='block_1_3' title="bbox 168 1771 1221 1932">
    <p class='ocr_par' dir='ltr' id='par_1_3' title="bbox 168 1771 1221 1932">
     <span class='ocr_line' id='line_1_16' title="bbox 168 1771 1221 1855; baseline -0.002 -24"><span class='ocrx_word' id='word_1_113' title='bbox 168 1773 267 1850; x_wconf 82' lang='lat' dir='ltr'><em>basus)</em></span> <span class='ocrx_word' id='word_1_114' title='bbox 283 1772 419 1830; x_wconf 86' lang='lat' dir='ltr'><em>Prudent.</em></span> <span class='ocrx_word' id='word_1_115' title='bbox 434 1772 519 1832; x_wconf 89' lang='lat' dir='ltr'><em>Cath.</em></span> <span class='ocrx_word' id='word_1_116' title='bbox 533 1793 562 1832; x_wconf 87' lang='lat' dir='ltr'><em>x.</em></span> <span class='ocrx_word' id='word_1_117' title='bbox 580 1793 646 1849; x_wconf 84' lang='lat'><em>123,</em></span> <span class='ocrx_word' id='word_1_118' title='bbox 662 1794 680 1848; x_wconf 83' lang='lat'><strong>4</strong></span> <span class='ocrx_word' id='word_1_119' title='bbox 697 1771 826 1855; x_wconf 75' lang='lat' dir='ltr'><em>(semina)</em></span> <span class='ocrx_word' id='word_1_120' title='bbox 845 1772 921 1844; x_wconf 84' lang='lat' dir='ltr'><em>Quae</em></span> <span class='ocrx_word' id='word_1_121' title='bbox 934 1776 1044 1832; x_wconf 86' lang='lat' dir='ltr'><em>reddita</em></span> <span class='ocrx_word' id='word_1_122' title='bbox 1057 1775 1173 1850; x_wconf 83' lang='lat' dir='ltr'><em>caespite</em></span> <span class='ocrx_word' id='word_1_123' title='bbox 1186 1771 1221 1829; x_wconf 87' lang='lat' dir='ltr'><em>ab</em></span> 
     </span>
     <span class='ocr_line' id='line_1_17' title="bbox 169 1870 660 1932; baseline 0.004 -3"><span class='ocrx_word' id='word_1_124' title='bbox 169 1874 226 1930; x_wconf 84' lang='lat' dir='ltr'><em>imo</em></span> <span class='ocrx_word' id='word_1_125' title='bbox 244 1870 347 1930; x_wconf 84' lang='lat' dir='ltr'><em>Veteres</em></span> <span class='ocrx_word' id='word_1_126' title='bbox 360 1872 532 1930; x_wconf 79' lang='lat' dir='ltr'><em>meditantur</em></span> <span class='ocrx_word' id='word_1_127' title='bbox 545 1874 660 1932; x_wconf 75' lang='lat' dir='ltr'><em>aristas.</em></span> 
     </span>
    </p>
   </div>
   <div class='ocr_carea' id='block_1_4' title="bbox 177 1969 1235 3918">
    <p class='ocr_par' dir='ltr' id='par_1_4' title="bbox 177 1969 1235 3918">
     <span class='ocr_line' id='line_1_18' title="bbox 212 1969 727 2043; baseline 0.004 -15"><span class='ocrx_word' id='word_1_128' title='bbox 212 1970 254 2029; x_wconf 91' lang='grc' dir='ltr'><em>Π.</em></span> <span class='ocrx_word' id='word_1_129' title='bbox 269 1971 369 2043; x_wconf 68' lang='grc'><strong>82-89</strong></span> <span class='ocrx_word' id='word_1_130' title='bbox 391 1969 433 2028; x_wconf 91' lang='lat' dir='ltr'><em>sic</em></span> <span class='ocrx_word' id='word_1_131' title='bbox 448 1979 548 2029; x_wconf 84' lang='lat' dir='ltr'><em>extant</em></span> <span class='ocrx_word' id='word_1_132' title='bbox 561 1971 593 2030; x_wconf 91' lang='lat' dir='ltr'><em>in</em></span> <span class='ocrx_word' id='word_1_133' title='bbox 606 1970 727 2030; x_wconf 85' lang='lat' dir='ltr'><em>Gembl.</em></span> 
     </span>
     <span class='ocr_line' id='line_1_19' title="bbox 295 2066 1090 2147; baseline 0.003 -23"><span class='ocrx_word' id='word_1_134' title='bbox 295 2066 354 2126; x_wconf 92' lang='lat' dir='ltr'><em>Hic</em></span> <span class='ocrx_word' id='word_1_135' title='bbox 375 2067 462 2144; x_wconf 87' lang='lat' dir='ltr'><em>igitur</em></span> <span class='ocrx_word' id='word_1_136' title='bbox 484 2068 556 2128; x_wconf 90' lang='lat' dir='ltr'><em>deus</em></span> <span class='ocrx_word' id='word_1_137' title='bbox 577 2079 607 2128; x_wconf 92' lang='lat' dir='ltr'><em>et</em></span> <span class='ocrx_word' id='word_1_138' title='bbox 627 2070 701 2129; x_wconf 89' lang='lat' dir='ltr'><em>ratio</em></span> <span class='ocrx_word' id='word_1_139' title='bbox 723 2087 798 2147; x_wconf 88' lang='lat' dir='ltr'><em>quae</em></span> <span class='ocrx_word' id='word_1_140' title='bbox 820 2079 926 2128; x_wconf 90' lang='lat' dir='ltr'><em>cuncta</em></span> <span class='ocrx_word' id='word_1_141' title='bbox 948 2070 1090 2146; x_wconf 83' lang='lat' dir='ltr'><em>gubernat</em></span> 
     </span>
     <span class='ocr_line' id='line_1_20' title="bbox 295 2164 1003 2244; baseline 0.006 -21"><span class='ocrx_word' id='word_1_142' title='bbox 295 2164 384 2224; x_wconf 92' lang='lat' dir='ltr'><em>Ducit</em></span> <span class='ocrx_word' id='word_1_143' title='bbox 407 2166 444 2225; x_wconf 89' lang='lat' dir='ltr'><em>ab</em></span> <span class='ocrx_word' id='word_1_144' title='bbox 466 2167 590 2226; x_wconf 88' lang='lat' dir='ltr'><em>aeternis</em></span> <span class='ocrx_word' id='word_1_145' title='bbox 610 2177 724 2227; x_wconf 89' lang='lat' dir='ltr'><em>terrena</em></span> <span class='ocrx_word' id='word_1_146' title='bbox 745 2168 881 2226; x_wconf 89' lang='lat' dir='ltr'><em>animalia</em></span> <span class='ocrx_word' id='word_1_147' title='bbox 903 2168 1003 2244; x_wconf 85' lang='lat' dir='ltr'><em>signis.</em></span> 
     </span>
     <span class='ocr_line' id='line_1_21' title="bbox 296 2262 1087 2343; baseline 0.004 -23"><span class='ocrx_word' id='word_1_148' title='bbox 296 2262 381 2335; x_wconf 83' lang='lat' dir='ltr'><em>Quae</em></span> <span class='ocrx_word' id='word_1_149' title='bbox 403 2283 574 2342; x_wconf 86' lang='lat' dir='ltr'><em>quanquam</em></span> <span class='ocrx_word' id='word_1_150' title='bbox 594 2266 685 2343; x_wconf 93' lang='lat' dir='ltr'><em>longo</em></span> <span class='ocrx_word' id='word_1_151' title='bbox 706 2267 785 2342; x_wconf 81' lang='lat' dir='ltr'><em>cogit</em></span> <span class='ocrx_word' id='word_1_152' title='bbox 806 2277 952 2325; x_wconf 89' lang='lat' dir='ltr'><em>summota</em></span> <span class='ocrx_word' id='word_1_153' title='bbox 972 2283 1087 2324; x_wconf 90' lang='lat' dir='ltr'><em>recessu</em></span> 
     </span>
     <span class='ocr_line' id='line_1_22' title="bbox 237 2362 990 2436; baseline 0.007 -16"><span class='ocrx_word' id='word_1_154' title='bbox 237 2365 277 2436; x_wconf 83' lang='lat'><em>85</em></span> <span class='ocrx_word' id='word_1_155' title='bbox 300 2362 406 2421; x_wconf 89' lang='lat' dir='ltr'><em>Sentiri</em></span> <span class='ocrx_word' id='word_1_156' title='bbox 427 2373 527 2422; x_wconf 89' lang='lat' dir='ltr'><em>tamen</em></span> <span class='ocrx_word' id='word_1_157' title='bbox 547 2374 579 2424; x_wconf 93' lang='lat' dir='ltr'><em>ut</em></span> <span class='ocrx_word' id='word_1_158' title='bbox 599 2365 674 2424; x_wconf 89' lang='lat' dir='ltr'><em>uitas</em></span> <span class='ocrx_word' id='word_1_159' title='bbox 695 2383 730 2424; x_wconf 92' lang='lat' dir='ltr'><em>ac</em></span> <span class='ocrx_word' id='word_1_160' title='bbox 751 2364 810 2424; x_wconf 84' lang='lat' dir='ltr'><em>iata</em></span> <span class='ocrx_word' id='word_1_161' title='bbox 829 2365 990 2425; x_wconf 88' lang='lat' dir='ltr'><em>ministrent</em></span> 
     </span>
     <span class='ocr_line' id='line_1_23' title="bbox 297 2459 1135 2540; baseline 0 -21"><span class='ocrx_word' id='word_1_162' title='bbox 297 2459 442 2520; x_wconf 91' lang='lat' dir='ltr'><em>Gentibus</em></span> <span class='ocrx_word' id='word_1_163' title='bbox 463 2480 498 2521; x_wconf 89' lang='lat' dir='ltr'><em>ac</em></span> <span class='ocrx_word' id='word_1_164' title='bbox 519 2463 655 2538; x_wconf 92' lang='lat' dir='ltr'><em>proprios</em></span> <span class='ocrx_word' id='word_1_165' title='bbox 677 2482 730 2540; x_wconf 92' lang='lat' dir='ltr'><em>per</em></span> <span class='ocrx_word' id='word_1_166' title='bbox 751 2463 866 2540; x_wconf 91' lang='lat' dir='ltr'><em>singula</em></span> <span class='ocrx_word' id='word_1_167' title='bbox 886 2481 1007 2539; x_wconf 86' lang='lat' dir='ltr'><em>corpora</em></span> <span class='ocrx_word' id='word_1_168' title='bbox 1029 2479 1135 2520; x_wconf 89' lang='lat' dir='ltr'><em>mores.</em></span> 
     </span>
     <span class='ocr_line' id='line_1_24' title="bbox 299 2558 1140 2638; baseline 0.001 -21"><span class='ocrx_word' id='word_1_169' title='bbox 299 2558 363 2618; x_wconf 92' lang='lat' dir='ltr'><em>Nec</em></span> <span class='ocrx_word' id='word_1_170' title='bbox 384 2559 481 2618; x_wconf 93' lang='lat' dir='ltr'><em>minus</em></span> <span class='ocrx_word' id='word_1_171' title='bbox 502 2571 546 2620; x_wconf 92' lang='lat' dir='ltr'><em>est</em></span> <span class='ocrx_word' id='word_1_172' title='bbox 566 2561 732 2638; x_wconf 88' lang='lat' dir='ltr'><em>quaerenda</em></span> <span class='ocrx_word' id='word_1_173' title='bbox 753 2562 824 2621; x_wconf 89' lang='lat' dir='ltr'><em>fides</em></span> <span class='ocrx_word' id='word_1_174' title='bbox 845 2561 887 2620; x_wconf 88' lang='lat' dir='ltr'><em>sic</em></span> <span class='ocrx_word' id='word_1_175' title='bbox 908 2571 1049 2637; x_wconf 88' lang='lat' dir='ltr'><em>temperat</em></span> <span class='ocrx_word' id='word_1_176' title='bbox 1070 2579 1140 2619; x_wconf 87' lang='lat' dir='ltr'><em>arua</em></span> 
     </span>
     <span class='ocr_line' id='line_1_25' title="bbox 299 2657 1054 2737; baseline 0 -20"><span class='ocrx_word' id='word_1_177' title='bbox 299 2657 423 2717; x_wconf 87' lang='lat' dir='ltr'><em>Caelum</em></span> <span class='ocrx_word' id='word_1_178' title='bbox 444 2659 485 2717; x_wconf 89' lang='lat' dir='ltr'><em>sic</em></span> <span class='ocrx_word' id='word_1_179' title='bbox 506 2660 601 2719; x_wconf 88' lang='lat' dir='ltr'><em>uarias</em></span> <span class='ocrx_word' id='word_1_180' title='bbox 621 2659 720 2736; x_wconf 85' lang='lat' dir='ltr'><em>fruges</em></span> <span class='ocrx_word' id='word_1_181' title='bbox 740 2660 891 2737; x_wconf 89' lang='lat' dir='ltr'><em>redditque</em></span> <span class='ocrx_word' id='word_1_182' title='bbox 912 2660 1054 2736; x_wconf 83' lang='lat' dir='ltr'><em>rapitque,</em></span> 
     </span>
     <span class='ocr_line' id='line_1_26' title="bbox 300 2756 1093 2833; baseline 0.004 -18"><span class='ocrx_word' id='word_1_183' title='bbox 300 2756 348 2815; x_wconf 91' lang='lat' dir='ltr'><em>Sic</em></span> <span class='ocrx_word' id='word_1_184' title='bbox 370 2768 496 2833; x_wconf 90' lang='lat' dir='ltr'><em>pontum</em></span> <span class='ocrx_word' id='word_1_185' title='bbox 517 2767 618 2817; x_wconf 91' lang='lat' dir='ltr'><em>mouet</em></span> <span class='ocrx_word' id='word_1_186' title='bbox 638 2777 673 2818; x_wconf 96' lang='lat' dir='ltr'><em>ac</em></span> <span class='ocrx_word' id='word_1_187' title='bbox 694 2759 774 2818; x_wconf 89' lang='lat' dir='ltr'><em>terris</em></span> <span class='ocrx_word' id='word_1_188' title='bbox 795 2758 922 2817; x_wconf 87' lang='lat' dir='ltr'><em>immittit</em></span> <span class='ocrx_word' id='word_1_189' title='bbox 943 2767 970 2815; x_wconf 94' lang='lat' dir='ltr'><em>et</em></span> <span class='ocrx_word' id='word_1_190' title='bbox 992 2757 1093 2818; x_wconf 88' lang='lat' dir='ltr'><em>aufert.</em></span> 
     </span>
     <span class='ocr_line' id='line_1_27' title="bbox 220 2854 1227 2932; baseline 0.002 -20"><span class='ocrx_word' id='word_1_191' title='bbox 220 2857 259 2927; x_wconf 89' lang='grc'><em>84</em></span> <span class='ocrx_word' id='word_1_192' title='bbox 280 2855 393 2913; x_wconf 90' lang='lat' dir='ltr'><em>recelsu</em></span> <span class='ocrx_word' id='word_1_193' title='bbox 411 2854 498 2914; x_wconf 75' lang='lat' dir='ltr'><em>Voss.²</em></span> <span class='ocrx_word' id='word_1_194' title='bbox 524 2860 563 2929; x_wconf 81' lang='lat'><em>87</em></span> <span class='ocrx_word' id='word_1_195' title='bbox 579 2856 664 2915; x_wconf 91' lang='lat' dir='ltr'><em>nimis</em></span> <span class='ocrx_word' id='word_1_196' title='bbox 674 2856 826 2915; x_wconf 78' lang='lat' dir='ltr'><em>Bentlccics.</em></span> <span class='ocrx_word' id='word_1_197' title='bbox 852 2859 890 2931; x_wconf 90' lang='lat'><em>89</em></span> <span class='ocrx_word' id='word_1_198' title='bbox 906 2857 1031 2932; x_wconf 84' lang='lat' dir='ltr'><em>ach&#39;ps.</em></span> <span class='ocrx_word' id='word_1_199' title='bbox 1046 2866 1074 2915; x_wconf 91' lang='lat' dir='ltr'><em>et</em></span> <span class='ocrx_word' id='word_1_200' title='bbox 1092 2854 1227 2915; x_wconf 84' lang='lat' dir='ltr'><em>Vossiom‘.</em></span> 
     </span>
     <span class='ocr_line' id='line_1_28' title="bbox 221 2953 1229 3035; baseline 0 -23"><span class='ocrx_word' id='word_1_201' title='bbox 221 2953 409 3012; x_wconf 89' lang='lat' dir='ltr'><em>Credideram</em></span> <span class='ocrx_word' id='word_1_202' title='bbox 430 2954 604 3014; x_wconf 90' lang='lat' dir='ltr'><em>infinitiuum</em></span> <span class='ocrx_word' id='word_1_203' title='bbox 625 2953 736 3014; x_wconf 80' lang='lat' dir='ltr'><em>Sentiri</em></span> <span class='ocrx_word' id='word_1_204' title='bbox 751 2953 816 3035; x_wconf 79' lang='lat'>(85)</span> <span class='ocrx_word' id='word_1_205' title='bbox 838 2954 869 3013; x_wconf 94' lang='lat' dir='ltr'><em>in</em></span> <span class='ocrx_word' id='word_1_206' title='bbox 889 2955 1018 3013; x_wconf 90' lang='lat' dir='ltr'><em>oratione</em></span> <span class='ocrx_word' id='word_1_207' title='bbox 1031 2956 1160 3031; x_wconf 91' lang='lat' dir='ltr'><em>positum</em></span> <span class='ocrx_word' id='word_1_208' title='bbox 1174 2955 1229 3013; x_wconf 92' lang='lat' dir='ltr'><em>ob-</em></span> 
     </span>
     <span class='ocr_line' id='line_1_29' title="bbox 177 3051 1227 3132; baseline 0 -20"><span class='ocrx_word' id='word_1_209' title='bbox 177 3052 259 3130; x_wconf 89' lang='lat' dir='ltr'><em>liqua</em></span> <span class='ocrx_word' id='word_1_210' title='bbox 272 3070 359 3128; x_wconf 93' lang='lat' dir='ltr'><em>posse</em></span> <span class='ocrx_word' id='word_1_211' title='bbox 374 3051 411 3110; x_wconf 89' lang='lat' dir='ltr'><em>ad</em></span> <span class='ocrx_word' id='word_1_212' title='bbox 425 3053 579 3128; x_wconf 91' lang='lat' dir='ltr'><em>opiniones</em></span> <span class='ocrx_word' id='word_1_213' title='bbox 593 3053 690 3113; x_wconf 85' lang='lat' dir='ltr'><em>referri</em></span> <span class='ocrx_word' id='word_1_214' title='bbox 704 3072 780 3132; x_wconf 88' lang='lat' dir='ltr'><em>quae</em></span> <span class='ocrx_word' id='word_1_215' title='bbox 793 3054 925 3113; x_wconf 89' lang='lat' dir='ltr'><em>uersibus</em></span> <span class='ocrx_word' id='word_1_216' title='bbox 941 3056 989 3123; x_wconf 87' lang='lat'><em>82,</em></span> <span class='ocrx_word' id='word_1_217' title='bbox 1003 3056 1041 3128; x_wconf 77' lang='lat'><em>83</em></span> <span class='ocrx_word' id='word_1_218' title='bbox 1055 3054 1206 3112; x_wconf 87' lang='lat' dir='ltr'><em>traduntur</em></span> <span class='ocrx_word' id='word_1_219' title='bbox 1219 3072 1227 3112; x_wconf 75' lang='grc' dir='ltr'><strong><em>ε</em></strong></span> 
     </span>
     <span class='ocr_line' id='line_1_30' title="bbox 179 3149 1233 3231; baseline -0.002 -22"><span class='ocrx_word' id='word_1_220' title='bbox 179 3149 256 3210; x_wconf 83' lang='lat' dir='ltr'><em>uelle</em></span> <span class='ocrx_word' id='word_1_221' title='bbox 272 3150 350 3209; x_wconf 92' lang='lat' dir='ltr'><em>enim</em></span> <span class='ocrx_word' id='word_1_222' title='bbox 372 3150 429 3210; x_wconf 88' lang='lat' dir='ltr'><em>hoc</em></span> <span class='ocrx_word' id='word_1_223' title='bbox 446 3150 609 3223; x_wconf 85' lang='lat' dir='ltr'><em>Manilium,</em></span> <span class='ocrx_word' id='word_1_224' title='bbox 632 3155 720 3228; x_wconf 84' lang='lat' dir='ltr'><em>‘quac</em></span> <span class='ocrx_word' id='word_1_225' title='bbox 740 3150 851 3231; x_wconf 84' lang='lat' dir='ltr'><em>(signa)</em></span> <span class='ocrx_word' id='word_1_226' title='bbox 872 3171 1031 3228; x_wconf 83' lang='lat' dir='ltr'><em>quanquam</em></span> <span class='ocrx_word' id='word_1_227' title='bbox 1048 3150 1146 3231; x_wconf 77' lang='lat' dir='ltr'><em>(deus)</em></span> <span class='ocrx_word' id='word_1_228' title='bbox 1159 3153 1233 3228; x_wconf 81' lang='lat' dir='ltr'><em>cogit</em></span> 
     </span>
     <span class='ocr_line' id='line_1_31' title="bbox 180 3249 1229 3327; baseline 0.001 -20"><span class='ocrx_word' id='word_1_229' title='bbox 180 3250 243 3308; x_wconf 91' lang='lat' dir='ltr'><em>siue</em></span> <span class='ocrx_word' id='word_1_230' title='bbox 258 3249 345 3325; x_wconf 89' lang='lat' dir='ltr'><em>stipat</em></span> <span class='ocrx_word' id='word_1_231' title='bbox 358 3249 439 3325; x_wconf 86' lang='lat' dir='ltr'><em>longo</em></span> <span class='ocrx_word' id='word_1_232' title='bbox 453 3256 588 3308; x_wconf 91' lang='lat' dir='ltr'><em>summota</em></span> <span class='ocrx_word' id='word_1_233' title='bbox 608 3270 714 3308; x_wconf 87' lang='lat' dir='ltr'><em>recessu</em></span> <span class='ocrx_word' id='word_1_234' title='bbox 732 3250 812 3309; x_wconf 91' lang='lat' dir='ltr'><em>unde</em></span> <span class='ocrx_word' id='word_1_235' title='bbox 833 3251 909 3309; x_wconf 88' lang='lat' dir='ltr'><em>clare</em></span> <span class='ocrx_word' id='word_1_236' title='bbox 928 3250 1053 3327; x_wconf 91' lang='lat' dir='ltr'><em>perspici</em></span> <span class='ocrx_word' id='word_1_237' title='bbox 1074 3260 1229 3327; x_wconf 89' lang='lat' dir='ltr'><em>nequeant,</em></span> 
     </span>
     <span class='ocr_line' id='line_1_32' title="bbox 180 3347 1231 3425; baseline -0.002 -19"><span class='ocrx_word' id='word_1_238' title='bbox 180 3347 299 3406; x_wconf 89' lang='lat' dir='ltr'><em>tradunt</em></span> <span class='ocrx_word' id='word_1_239' title='bbox 314 3357 411 3406; x_wconf 91' lang='lat' dir='ltr'><em>tamen</em></span> <span class='ocrx_word' id='word_1_240' title='bbox 426 3366 461 3406; x_wconf 89' lang='lat' dir='ltr'><em>ea</em></span> <span class='ocrx_word' id='word_1_241' title='bbox 474 3349 577 3406; x_wconf 85' lang='lat' dir='ltr'><em>sentiri</em></span> <span class='ocrx_word' id='word_1_242' title='bbox 594 3348 655 3407; x_wconf 92' lang='lat' dir='ltr'><em>siue</em></span> <span class='ocrx_word' id='word_1_243' title='bbox 676 3350 706 3407; x_wconf 93' lang='lat' dir='ltr'><em>in</em></span> <span class='ocrx_word' id='word_1_244' title='bbox 727 3367 846 3407; x_wconf 90' lang='lat' dir='ltr'><em>sensum</em></span> <span class='ocrx_word' id='word_1_245' title='bbox 867 3349 1019 3425; x_wconf 89' lang='lat' dir='ltr'><em>peruenire</em></span> <span class='ocrx_word' id='word_1_246' title='bbox 1033 3348 1185 3407; x_wconf 93' lang='lat' dir='ltr'><em>hominum</em></span> <span class='ocrx_word' id='word_1_247' title='bbox 1199 3357 1231 3405; x_wconf 91' lang='lat' dir='ltr'><em>ut</em></span> 
     </span>
     <span class='ocr_line' id='line_1_33' title="bbox 181 3444 1232 3507; baseline -0.001 -3"><span class='ocrx_word' id='word_1_248' title='bbox 181 3445 345 3504; x_wconf 91' lang='lat' dir='ltr'><em>secundum</em></span> <span class='ocrx_word' id='word_1_249' title='bbox 365 3464 400 3504; x_wconf 94' lang='lat' dir='ltr'><em>ea</em></span> <span class='ocrx_word' id='word_1_250' title='bbox 420 3446 480 3504; x_wconf 89' lang='lat' dir='ltr'><em>uita</em></span> <span class='ocrx_word' id='word_1_251' title='bbox 501 3464 535 3504; x_wconf 96' lang='lat' dir='ltr'><em>ac</em></span> <span class='ocrx_word' id='word_1_252' title='bbox 553 3444 613 3504; x_wconf 89' lang='lat' dir='ltr'><em>fata</em></span> <span class='ocrx_word' id='word_1_253' title='bbox 629 3447 797 3505; x_wconf 88' lang='lat' dir='ltr'><em>mortalium</em></span> <span class='ocrx_word' id='word_1_254' title='bbox 815 3444 1000 3507; x_wconf 71' lang='lat' dir='ltr'><em>ordinentur!</em></span> <span class='ocrx_word' id='word_1_255' title='bbox 1039 3446 1150 3506; x_wconf 88' lang='lat' dir='ltr'><em>Verum</em></span> <span class='ocrx_word' id='word_1_256' title='bbox 1164 3463 1232 3504; x_wconf 91' lang='lat' dir='ltr'><em>cum</em></span> 
     </span>
     <span class='ocr_line' id='line_1_34' title="bbox 181 3544 1233 3622; baseline -0.001 -19"><span class='ocrx_word' id='word_1_257' title='bbox 181 3545 282 3603; x_wconf 88' lang='lat' dir='ltr'><em>durior</em></span> <span class='ocrx_word' id='word_1_258' title='bbox 296 3544 439 3604; x_wconf 91' lang='lat' dir='ltr'><em>eiusmodi</em></span> <span class='ocrx_word' id='word_1_259' title='bbox 458 3545 494 3604; x_wconf 90' lang='lat' dir='ltr'><em>sit</em></span> <span class='ocrx_word' id='word_1_260' title='bbox 510 3554 661 3616; x_wconf 89' lang='lat' dir='ltr'><em>structura,</em></span> <span class='ocrx_word' id='word_1_261' title='bbox 676 3544 755 3605; x_wconf 88' lang='lat' dir='ltr'><em>malo</em></span> <span class='ocrx_word' id='word_1_262' title='bbox 773 3546 951 3622; x_wconf 89' lang='lat' dir='ltr'><em>Pingraeum</em></span> <span class='ocrx_word' id='word_1_263' title='bbox 966 3545 1048 3622; x_wconf 93' lang='lat' dir='ltr'><em>sequi</em></span> <span class='ocrx_word' id='word_1_264' title='bbox 1068 3554 1096 3605; x_wconf 92' lang='lat' dir='ltr'><em>et</em></span> <span class='ocrx_word' id='word_1_265' title='bbox 1115 3562 1181 3602; x_wconf 92' lang='lat' dir='ltr'><em>cum</em></span> <span class='ocrx_word' id='word_1_266' title='bbox 1196 3561 1233 3602; x_wconf 89' lang='lat' dir='ltr'><em>eo</em></span> 
     </span>
     <span class='ocr_line' id='line_1_35' title="bbox 183 3641 1234 3721; baseline -0.002 -19"><span class='ocrx_word' id='word_1_267' title='bbox 183 3643 327 3703; x_wconf 87' lang='lat' dir='ltr'><em>Iacobum</em></span> <span class='ocrx_word' id='word_1_268' title='bbox 342 3641 576 3721; x_wconf 89' lang='lat' dir='ltr'><em>Kramerumque</em></span> <span class='ocrx_word' id='word_1_269' title='bbox 587 3645 689 3702; x_wconf 83' lang='lat' dir='ltr'><em>sentiri</em></span> <span class='ocrx_word' id='word_1_270' title='bbox 698 3662 734 3702; x_wconf 85' lang='lat' dir='ltr'><em>ex</em></span> <span class='ocrx_word' id='word_1_271' title='bbox 746 3646 819 3720; x_wconf 83' lang='lat' dir='ltr'><em>cogit</em></span> <span class='ocrx_word' id='word_1_272' title='bbox 828 3646 954 3721; x_wconf 90' lang='lat' dir='ltr'><em>pendere</em></span> <span class='ocrx_word' id='word_1_273' title='bbox 968 3644 1122 3703; x_wconf 85' lang='lat' dir='ltr'><em>iacientes:</em></span> <span class='ocrx_word' id='word_1_274' title='bbox 1139 3648 1234 3719; x_wconf 89' lang='lat' dir='ltr'><em>‘quae</em></span> 
     </span>
     <span class='ocr_line' id='line_1_36' title="bbox 184 3738 1202 3821; baseline -0.002 -21"><span class='ocrx_word' id='word_1_275' title='bbox 184 3740 295 3821; x_wconf 75' lang='lat' dir='ltr'><em>(signa)</em></span> <span class='ocrx_word' id='word_1_276' title='bbox 310 3758 480 3820; x_wconf 89' lang='lat' dir='ltr'><em>quanquam</em></span> <span class='ocrx_word' id='word_1_277' title='bbox 494 3742 585 3819; x_wconf 90' lang='lat' dir='ltr'><em>longo</em></span> <span class='ocrx_word' id='word_1_278' title='bbox 600 3761 622 3801; x_wconf 89' lang='lat' dir='ltr'><em>s.</em></span> <span class='ocrx_word' id='word_1_279' title='bbox 636 3761 752 3802; x_wconf 89' lang='lat' dir='ltr'><em>recessu</em></span> <span class='ocrx_word' id='word_1_280' title='bbox 766 3744 845 3819; x_wconf 86' lang='lat' dir='ltr'><em>cogit</em></span> <span class='ocrx_word' id='word_1_281' title='bbox 860 3752 959 3802; x_wconf 88' lang='lat' dir='ltr'><em>tamen</em></span> <span class='ocrx_word' id='word_1_282' title='bbox 974 3740 1070 3821; x_wconf 82' lang='lat' dir='ltr'><em>(deus)</em></span> <span class='ocrx_word' id='word_1_283' title='bbox 1086 3738 1202 3803; x_wconf 78' lang='lat' dir='ltr'><em>sentiri&#39;</em></span> 
     </span>
     <span class='ocr_line' id='line_1_37' title="bbox 227 3840 1235 3918; baseline -0.002 -18"><span class='ocrx_word' id='word_1_284' title='bbox 227 3840 318 3913; x_wconf 91' lang='lat' dir='ltr'><em>Quod</em></span> <span class='ocrx_word' id='word_1_285' title='bbox 333 3840 364 3898; x_wconf 90' lang='lat' dir='ltr'><em>in</em></span> <span class='ocrx_word' id='word_1_286' title='bbox 379 3843 416 3916; x_wconf 83' lang='lat'><em>87</em></span> <span class='ocrx_word' id='word_1_287' title='bbox 433 3841 549 3900; x_wconf 90' lang='lat' dir='ltr'><em>codices</em></span> <span class='ocrx_word' id='word_1_288' title='bbox 568 3859 672 3900; x_wconf 92' lang='lat' dir='ltr'><em>omnes</em></span> <span class='ocrx_word' id='word_1_289' title='bbox 691 3843 782 3901; x_wconf 79' lang='lat' dir='ltr'><em>mrbus</em></span> <span class='ocrx_word' id='word_1_290' title='bbox 803 3842 949 3914; x_wconf 84' lang='lat' dir='ltr'><em>exhibent,</em></span> <span class='ocrx_word' id='word_1_291' title='bbox 963 3850 1058 3918; x_wconf 88' lang='lat' dir='ltr'><em>potest</em></span> <span class='ocrx_word' id='word_1_292' title='bbox 1072 3841 1101 3899; x_wconf 93' lang='lat' dir='ltr'><em>id</em></span> <span class='ocrx_word' id='word_1_293' title='bbox 1116 3840 1235 3917; x_wconf 91' lang='lat' dir='ltr'><em>quidem</em></span> 
     </span>
    </p>
   </div>
   <div class='ocr_carea' id='block_1_5' title="bbox 0 0 1427 4448">
    <p class='ocr_par' dir='ltr' id='par_1_5' title="bbox 0 0 1427 4448">
     <span class='ocr_line' id='line_1_38' title="bbox 0 0 1427 4448; baseline 0 0"><span class='ocrx_word' id='word_1_294' title='bbox 0 0 1427 4448; x_wconf 95' lang='lat' dir='ltr'><em> </em></span> 
     </span>
    </p>
   </div>
  </div>
 </body>
</html>
