2760 4448
170 280 232 347 162
471 293 619 346 aaaron
638 293 889 344 ΜΑΝΙΠΑΝΑΕ

178 511 180 515 ¹
208 451 245 510 V·
262 453 362 610 63Inde
382 549 490 609 lassato
511 551 696 629 properantia
716 551 805 612 corde
824 551 932 623 uidere,

166 665 208 724 sic
230 663 347 724 Gembl.
368 674 397 736 et
421 666 510 725 ceteri
533 667 666 726 codices:
699 668 750 728 sed
774 668 833 726 iam
856 668 887 725 in
913 667 1048 744 Regiam.
1070 667 1117 728 ed.
1134 680 1218 739 *recte

166 763 277 822 editum
306 773 352 823 est
379 764 553 823 Indelassato
580 768 767 842 properantia
795 766 881 824 corda
909 767 1014 842 ue'gara
1066 767 1155 828 Falso
1186 769 1218 828 id

167 861 314 938 Scaligero
345 861 471 921 Iacobus
503 863 619 924 tribuit:
660 874 779 923 centum
810 873 877 922 ante
910 865 994 924 annis
1021 876 1218 944 occupauerat

166 960 265 1020 Italus.

206 1074 243 1133 V·
260 1089 306 1149 74,
325 1089 361 1151 75

611 1166 641 1216 et
661 1158 779 1217 flectere
800 1176 944 1237 equorum

288 1254 471 1315 Praeualidas
492 1256 568 1316 uires
589 1275 623 1315 ac
645 1266 707 1316 toto
728 1257 869 1332 stringere
889 1275 961 1334 gyro

327 1363 404 1412 torto
419 1355 461 1412 ba

205 1457 276 1509 torta
311 1471 364 1527 pro
395 1459 449 1510 tato
482 1451 637 1528 plerasque
656 1451 722 1511 edd.
751 1452 868 1523 inuasit,
896 1470 966 1526 un0,
996 1453 1078 1531 quod
1112 1457 1217 1528 sciam,

163 1548 326 1625 refragante
352 1548 502 1622 Stoebero,
526 1551 572 1609 cui
596 1550 644 1610 hic
668 1551 826 1622 adsentior,
848 1568 910 1611 non
933 1552 1030 1610 solum
1053 1554 1123 1630 quia
1143 1538 1216 1614 torta

163 1652 320 1722 ταυτολόγον
333 1657 362 1706 et
375 1666 468 1724 paene
483 1648 613 1724 ineptum
627 1648 749 1721 uidetur,
765 1649 816 1707 sed
831 1649 912 1724 quod
931 1656 993 1722 toto,
1007 1653 1146 1728 rtraizgere
1161 1654 1216 1712 sibi

164 1745 291 1805 inuicem
305 1746 490 1822 respondent.
532 1744 593 1817 Qui
611 1747 690 1804 enim
708 1764 801 1823 equos
821 1747 851 1804 in
871 1765 975 1823 gyrum
995 1748 1176 1826 circumagit,
1190 1753 1216 1810 is

164 1861 202 1902 ne
222 1854 303 1902 extra
321 1843 428 1902 lineam
447 1843 546 1903 circuli
565 1828 747 1919 diuagentur,
764 1845 880 1904 retrahit
899 1863 1013 1922 semper
1033 1857 1063 1906 et
1083 1848 1215 1923 reducit;

163 1943 244 2019 quod
259 1943 329 2001 dum
344 1942 459 2019 saepius
472 1942 548 2013 facit,
564 1943 631 2019 equi
645 1950 698 2002 toto
707 1963 785 2020 gyro
799 1947 983 2020 streitguatur
997 1945 1059 2005 siue
1074 1948 1132 2006 oris
1150 1950 1216 2026 gyri

164 2043 321 2100 raduntur:
344 2042 385 2101 sic
403 2042 483 2100 enim
497 2042 593 2118 potius
612 2043 782 2118 interpretor
799 2045 937 2120 streitgere
951 2061 1040 2119 quam
1054 2056 1086 2102 ut
1101 2046 1136 2105 sit
1151 2047 1170 2104 i.
1185 2067 1214 2125 q.

163 2140 298 2199 claudere
312 2141 360 2198 uel
374 2158 516 2200 coercere.
556 2140 679 2216 Anglice
697 2146 746 2200 ‘to
762 2139 837 2218 keep
857 2141 905 2201 the
922 2141 1009 2201 horse
1026 2144 1151 2221 grazing
1164 2146 1214 2205 the

163 2239 237 2314 edge
257 2238 292 2298 of
311 2240 359 2299 the
383 2239 469 2299 circle
489 2238 567 2298 from
590 2257 647 2298 one
672 2240 729 2298 end
749 2237 797 2319 (of
816 2239 865 2300 the
885 2239 963 2320 ring)
987 2250 1018 2301 to
1040 2241 1089 2302 the
1111 2242 1214 2303 other?

164 2336 271 2397 Similis
287 2348 332 2397 est
348 2338 518 2415 significatio
532 2337 663 2397 aduerbii
679 2337 843 2413 παραγύρως.

204 2435 240 2494 V.
257 2439 356 2512 85-87

285 2533 413 2594 Necnon
434 2533 545 2616 alterno
566 2534 696 2595 desultor
716 2535 810 2595 sidere
832 2535 921 2595 dorso

285 2632 517 2709 Quadrupedum
538 2642 567 2692 et
588 2633 697 2691 stabilis
717 2634 822 2710 poterit
842 2634 969 2711 defigere
988 2634 1103 2712 plantas

285 2731 369 2795 †Per
389 2749 465 2808 quos
486 2731 557 2789 labit
578 2749 669 2808 equos
690 2730 770 2789 ludet
790 2750 843 2809 per
862 2741 944 2810 terga
964 2733 1126 2793 uolantum.

205 2831 242 2902 87
259 2827 309 2887 Sic
326 2828 430 2888 Gembl.
472 2829 527 2888 Per
547 2848 622 2906 quos
640 2829 721 2888 uadit
738 2828 805 2888 Cas.
827 2828 912 2888 Vara.¹
926 2831 968 2890 ob
985 2831 1040 2891 Per
1061 2850 1121 2909 quo
1142 2831 1213 2893 labit

170 2926 257 2986 Voss.²
287 2927 368 2987 Fari.
380 2928 497 3004 Terque
509 2928 623 2987 subibit.
652 2927 731 2987 ludet
746 2927 850 2987 Gembl.
869 2927 955 2988 Voss}
966 2930 1007 2989 ab
1027 2931 1109 2990 ludat
1126 2930 1213 2991 Voss.¹

164 3024 265 3085 ludens
280 3025 371 3085 Bentl.

203 3124 350 3184 Bentleius
367 3125 480 3201 scripsit
493 3124 605 3201 Perque
618 3124 725 3183 ualabit
742 3144 845 3201 equos,·
871 3124 924 3185 sed
944 3126 1052 3185 uolabe't
1066 3128 1211 3187 uolantum

161 3220 212 3278 uix
226 3219 437 3292 Manilianum3
460 3220 622 3296 scripserim
635 3219 733 3295 potius
745 3219 850 3295 Terque
863 3221 967 3278 subibit
977 3240 1066 3296 equos.
1091 3221 1149 3281 Ter
1157 3240 1212 3300 pro

161 3319 223 3378 Per
240 3318 329 3376 habet
343 3316 563 3377 Gemblacensis
581 3317 637 3376 III.
650 3319 718 3392 638,
734 3335 838 3377 omnes
851 3319 944 3377 nostri
954 3318 1010 3377 III.
1022 3322 1090 3395 607.
1135 3321 1211 3381 Mox

161 3418 237 3477 ludet
248 3435 315 3475 uere
329 3416 465 3475 traditum
479 3426 523 3475 est
540 3434 594 3475 nec
613 3417 644 3473 in
665 3416 762 3475 ludens
783 3417 972 3476 mutandum:
996 3417 1160 3496 asyndeton
1181 3428 1211 3478 et

161 3515 208 3575 hic
222 3516 287 3575 fecit
302 3514 459 3573 Manilius:
482 3515 517 3573 cf.
534 3514 572 3571 II.
588 3517 656 3590 498,
672 3513 726 3572 IV.
743 3533 810 3573 220.

203 3613 315 3674 Totum
330 3613 407 3671 hunc
429 3612 527 3670 locum
548 3613 597 3687 qui
619 3622 662 3670 est
685 3613 720 3671 de
742 3613 848 3689 aurigis
867 3611 1009 3672 Firmicus
1029 3631 1066 3672 ex
1084 3612 1210 3674 Manilio

161 3713 303 3790 expressit
314 3711 398 3770 VIII.
415 3713 432 3768 6
447 3710 486 3767 In
500 3711 584 3768 butas
600 3717 664 3768 ortu
677 3713 731 3786 qui
739 3717 825 3769 natur
826 3711 934 3790 suerri,
949 3718 1001 3770 aut
1018 3715 1075 3770 erit
1091 3716 1209 3791 auriga,

160 3817 213 3868 aut
223 3829 353 3886 equarum
375 3810 502 3880 damriar,
517 3814 569 3865 aut
579 3810 632 3884 qui
641 3810 717 3866 saltu
730 3810 886 3885 quadrigas
907 3816 1039 3883 transeat,
1055 3812 1101 3868 uel
1116 3813 1170 3886 qui
1179 3813 1211 3869 in

161 3911 242 3968 dorsa
255 3917 334 3968 stans
347 3927 477 3986 equorum
489 3907 612 3984 mz‘rzfica
623 3926 650 3965 se
660 3908 841 3967 moderatione
850 3915 985 3983 sustentet,
995 3915 1076 3986 atque
1082 3910 1211 3987 apperire
