2760 4448
166 275 228 359 198
471 286 620 338 uocans
640 281 893 336 MANJLJANAE

162 446 262 506 locum
279 445 479 522 interpretatus
498 455 550 507 est.
595 444 653 505 Sed
672 463 740 505 cum
759 444 807 503 alii
826 443 943 505 'codices
962 449 1050 504 nectos
1069 443 1118 505 uel
1136 451 1215 505 uolos

162 553 317 623 praestent,
337 561 472 621 proquo
494 536 648 605 Reinesius
668 551 781 616 tractos,
799 543 927 603 Iacobus
947 550 1037 615 notor,
1058 544 1212 617 scribebat,

163 644 226 721 ipse
252 661 331 702 anno
358 647 436 702 1886
459 643 490 702 in
514 643 616 703 Diario
636 641 779 719 Philolog.
800 642 1033 718 Cantabrigiensi
1054 643 1144 702 Tom.
1167 663 1213 702 xv.

162 762 191 821 p.
214 762 228 800 a
252 741 364 802 conieci
385 743 481 813 uz'ctor,
500 759 542 801 sc.
563 749 743 800 senectutem
764 741 831 816 igne
852 741 918 799 aeni
938 740 1046 800 uictam
1067 752 1097 800 et
1117 760 1156 800 ex
1177 761 1213 801 eo

163 843 409 918 iuuenescentem.
452 838 499 899 Sic
515 839 639 900 Ouidius
655 839 692 897 de
709 838 813 898 eadem
828 838 936 898 Medea
950 839 1068 898 arietem
1083 839 1214 899 uetulum

163 941 339 1017 incoquente
355 935 398 994 Μ.
409 938 455 996 vii.
472 941 530 1012 318
549 937 717 1013 Cornuaque
732 944 861 996 exurunt
876 955 992 995 necnon
1006 957 1068 995 cum
1082 939 1214 997 cornibus

162 1057 259 1110 annos,
270 1036 315 1095 Et
325 1043 402 1095 tener
415 1037 532 1094 auditur
546 1037 631 1094 medio
645 1036 755 1094 dolatur
768 1055 842 1094 oeno.
877 1035 947 1094 Hoc
962 1038 986 1093 si
1000 1045 1078 1095 recte
1093 1037 1213 1109 conieci,
1281 1090 1284 1095 ⁴

161 1155 202 1196 ex
222 1155 282 1196 non
301 1144 344 1194 est
362 1153 416 1212 pro
435 1135 471 1193 ab
488 1135 623 1210 positum,
638 1133 690 1192 sed
709 1142 797 1210 poeta
818 1133 962 1209 significat
982 1144 1162 1194 senectutem
1184 1136 1214 1194 in

163 1252 238 1295 aeno
253 1251 378 1292 mersam
394 1233 461 1291 inde
474 1233 583 1292 uictam
597 1233 724 1291 flammis
738 1240 766 1290 et
780 1241 920 1290 mutatam
933 1232 1031 1308 recipi.

206 1329 219 1413 [
223 1339 322 1410 pactos
335 1331 481 1391 Breiterus
495 1350 531 1390 ex
549 1331 592 1389 M.
603 1331 648 1388 vii.
664 1344 721 1405 307
737 1329 854 1406 Iamque
864 1336 967 1407 petunt
979 1327 1212 1411 (Pclzoder)prc·

162 1433 282 1508 triamque
296 1432 390 1490 tabent
401 1431 460 1488 stite
472 1430 535 1507 fine
545 1423 702 1510 paciaco]

204 1530 242 1589 V·
258 1534 326 1604 4⁷6,
343 1541 403 1604 477

286 1628 409 1687 Doctior
429 1628 501 1685 urbe
522 1644 576 1685 sua
596 1627 713 1703 linguae
734 1627 788 1686 sub
810 1625 882 1687 flore
904 1626 1069 1688 Menander

275 1725 346 1807 ,Qui
366 1725 426 1785 uita
446 1725 573 1784 ostendit
593 1726 684 1784 uitam
705 1726 849 1801 carrisque
870 1727 1004 1785 sacrauit.

206 1844 264 1917 476
286 1840 399 1900 Doctor
415 1839 519 1900 Gembl.
534 1841 605 1900 orbe
627 1839 759 1899 Vossiam'
771 1840 840 1900 Cus.
855 1859 907 1915 sue
929 1840 1015 1901 Voss.l
1029 1842 1105 1903 frore
1126 1842 1212 1903 Voss.²

165 1953 222 2015 477
245 1941 323 1999 uitae
342 1937 471 2015 ScoIiger
493 1946 519 1997 cl
542 1938 691 1998 Rez'nerius
710 1958 851 2016 carusque
872 1941 978 2001 Gembl.
995 1940 1062 2001 Cur.
1084 1941 1216 2002 Vosszont'

164 2038 305 2115 castisque
319 2037 459 2114 Scaliger.

205 2136 276 2196 Non
293 2145 337 2195 est
356 2154 409 2194 cur
427 2137 501 2194 uziae
522 2136 670 2194 scribatur.
716 2135 879 2196 Menander
895 2155 947 2214 per
963 2137 1055 2196 uitam
1070 2157 1161 2219 quam
1181 2141 1211 2199 in

164 2254 270 2296 scaena
283 2234 439 2294 exhibebat
453 2233 578 2293 ostendit
592 2234 684 2310 qualis
699 2244 775 2294 esset
790 2234 849 2293 uita
863 2235 970 2295 saeculi
983 2237 1037 2294 sui.

204 2334 242 2392 V.
257 2335 398 2409 478-480
695 2328 698 2339 '

285 2447 324 2507 Et
345 2449 369 2507 si
390 2456 470 2506 tanta
489 2465 611 2524 operum
632 2446 708 2507 uires
728 2457 895 2508 commenta
916 2450 1049 2526 negarint

285 2547 438 2605 Hesternis
459 2556 556 2605 tamen
578 2556 659 2605 actus
680 2545 734 2606 erit
755 2564 833 2605 nunc
855 2565 929 2606 uoce
950 2549 1044 2625 poetis

286 2644 375 2704 Nunc
396 2649 508 2708 manto
529 2654 623 2720 gestu.

205 2774 263 2836 479
289 2770 372 2819 actus
398 2758 502 2818 Gembl.
523 2766 550 2817 et
564 2762 692 2836 plerique
716 2769 801 2837 aptus
825 2761 868 2819 bo
896 2761 983 2821 Voss.¹
1038 2769 1098 2835 480
1123 2765 1211 2825 tacito

171 2857 259 2919 Voss.²
273 2859 289 2917 b
303 2858 392 2918 Nunc
408 2858 512 2917 tantiro
526 2867 612 2935 gustu
631 2858 772 2936 refertque
790 2859 923 2919 affatibus
937 2879 989 2920 ora
1002 2881 1018 2920 o
1031 2861 1113 2921 fatuo
1128 2875 1212 2941 gestu

164 2961 221 3036 ritae
235 2959 308 3017 olzin.
336 3026 338 3032 Ι

205 3058 241 3115 In
258 3054 374 3115 Gembl.
396 3073 484 3131 super
504 3060 579 3112 tonlo
601 3072 641 3111 m.
659 3073 703 3132 pr.
721 3055 876 3132 scripserat
898 3058 943 3115 uel
961 3064 1029 3131 tum,
1045 3042 1212 3121 Thomasio

163 3164 245 3214 teste.
297 3153 409 3228 Magna
433 3153 496 3212 laus
520 3153 567 3212 hic
592 3164 636 3212 est
657 3153 804 3214 Carrionis
826 3155 876 3232 qui
894 3156 994 3235 Antiq.
1017 3157 1099 3218 Lect.
1120 3160 1150 3218 ii.
1175 3164 1210 3220 18

163 3251 330 3313 emendauit
362 3253 452 3322 tactio,
481 3251 562 3328 quod
590 3251 686 3311 multis
719 3262 787 3329 post
814 3255 899 3312 annis
930 3255 1034 3314 iterum
1062 3261 1212 3319 reuocauit

164 3351 312 3410 Bentleius
334 3369 369 3408 ex
385 3349 483 3408 Voss²
501 3359 530 3408 et
551 3361 619 3427 post
639 3349 804 3409 Bentleium
823 3352 957 3424 Iacobus,
972 3354 1050 3414 nulla
1065 3355 1212 3418 Carrionis

164 3451 241 3510 iacta
254 3450 413 3520 mentione,
428 3466 483 3507 nec
497 3467 515 3507 a
530 3449 640 3510 Iacobo
654 3468 708 3509 nec
722 3469 740 3508 a
755 3447 895 3510 Bentleio.

206 3549 242 3606 V·
259 3552 327 3623 483,
344 3551 403 3620 484

287 3663 347 3720 Aut
366 3680 491 3738 magnos
511 3660 616 3719 heroas
637 3672 704 3738 aget
724 3663 894 3741 scaenisque
916 3670 1058 3744 †togatus

288 3761 393 3820 Omnis
414 3761 545 3820 fortunae
566 3761 677 3819 uultum
698 3781 750 3838 per
771 3764 903 3822 membra
915 3765 1052 3841 reducet.
1091 3840 1094 3845 Ι

207 3874 306 3935 Scribe
320 3878 423 3952 togatis
437 3876 498 3936 siue
513 3875 650 3936 Romana
664 3887 835 3953 argumenta
849 3880 1044 3941 tractantibus.
