2760 4448
593 249 642 301 ,ιτ
1100 253 1143 318 47

92 402 173 465 unde
193 421 288 465 acnua
306 415 373 465 sunt
381 405 403 479 ;'
424 403 520 466 sedin
535 406 672 466 omnibus
686 406 758 467 locis
772 424 848 485 quos
862 407 1009 484 congessit
1025 406 1146 469 Schnei-

92 503 181 563 derus
202 503 239 564 ad
254 503 375 564 Varron.
396 503 432 563 R.
447 503 483 564 R.
502 505 521 564 i.
539 524 576 564 ro
596 515 641 565 est
661 523 798 565 mensura
818 506 969 584 quaedam¹
983 517 1062 568 certa
1082 508 1146 586 agri

92 621 191 680 neque
202 602 283 662 aliter
294 602 399 663 Heron
410 603 481 662 dixit
491 605 565 661 ἅκενα
580 604 640 663 siue
651 605 748 676 ὅκωνα,
759 603 797 664 de
807 621 866 682 qua
879 603 1038 665 Scholiasta
1047 604 1145 684 Apoll.

93 699 191 760 Rhod.
197 701 315 777 lii.1323
322 703 410 759 ὅκοινα
418 705 447 759 δέ
454 704 513 761 ε’στι
522 704 615 777 μέτρον
625 704 749 760 δεκάτονν
758 707 903 760 θεσσολῶν
910 703 1011 779 εὕρεμα·
1022 705 1145 780 ἦράβδοτ

90 802 223 873 ποιμενικὴ
236 803 306 876 παρὰ
316 805 465 878 Πελασγοῖς
478 804 611 877 ηὑρημένη·
633 803 692 877 περὶ
705 801 736 874 ἧς
746 800 912 876 Καλλέροχόε
925 806 1016 875 φησιν·
1031 805 1143 876 duamur,

90 899 261 975 Ἀμφότερον,
274 904 377 974 κέντρον
386 924 415 956 τε
424 905 494 962 βοῶν
505 903 544 957 καὶ
554 901 649 974 μέτρον
658 899 775 973 ἀρούρης.
800 900 902 978 Itaque
915 919 975 960 non
988 911 1048 960 tam
1059 903 1143 979 uirga

90 999 252 1074 gromatica
266 998 318 1057 erit
332 1015 422 1074 quam
440 998 504 1074 ipsa
521 998 613 1074 spatia
633 998 694 1057 siue
714 998 867 1058 distantiae
885 999 1065 1059 mensurales
1079 1001 1142 1078 qui-

89 1094 146 1155 bus
167 1081 272 1172 singuli
293 1095 394 1172 anguli
415 1095 637 1173 hexagonorum
659 1114 677 1154 a
698 1113 729 1156 se
750 1095 925 1158 diuiduntur.
967 1097 1090 1159 Censor.
1104 1098 1142 1158 de

89 1192 158 1253 dn.
170 1196 188 1251 8
203 1196 314 1254 tertiam
328 1195 581 1274 segnfferipartem
596 1197 675 1254 νίεντ
690 1197 736 1254 ille
750 1197 891 1255 metatur.
917 1195 1105 1278 Quanquam,
1117 1197 1143 1258 si

88 1293 164 1348 ὄκενα
180 1302 208 1352 et
227 1293 310 1370 uirga
323 1305 474 1370 pastorum
491 1303 519 1352 et
539 1311 678 1353 mensura
692 1293 838 1371 quaedam
852 1292 913 1366 suit,
928 1293 1007 1354 licuit
1020 1294 1142 1355 fortasse

89 1388 228 1451 Romano
249 1391 327 1451 idem
348 1391 525 1452 uocabulum
547 1392 585 1451 ad
603 1391 732 1469 uirgulae
751 1392 945 1469 geometricae
959 1411 1029 1453 usus
1047 1404 1141 1454 trans·

87 1486 170 1548 ferre.
213 1488 269 1550 Sed
284 1489 357 1551 haec
371 1489 583 1568 lexicographis
597 1489 739 1568 relinquo.

130 1587 170 1648 11.
186 1592 326 1664 379-383
341 1589 382 1648 sic
397 1598 497 1648 extant
510 1589 539 1647 in
554 1588 671 1648 Gembl.

212 1686 271 1747 Sed
291 1697 390 1746 tamen
411 1697 456 1747 est
476 1686 532 1747 illis
552 1685 666 1765 phebus
688 1687 743 1747 sub
764 1686 828 1764 lege
848 1687 1014 1765 propinqua

130 1786 190 1858 380
211 1784 302 1857 Quod
323 1802 386 1845 non
407 1785 556 1846 diuersum
577 1803 670 1863 genus
690 1786 771 1864 quod
791 1787 926 1848 euntibus
947 1788 1031 1847 astris

200 1881 345 1945 Mascula
365 1883 417 1944 sed
438 1884 566 1944 maribus
587 1884 766 1961 respondent
787 1895 902 1944 caetera
923 1903 1011 1946 sexus

209 1981 339 2041 Feminei
360 1999 391 2042 se
413 1982 594 2058 coniungunt
615 1982 792 2042 commercia
812 1983 924 2043 mundi.

210 2079 257 2139 Sic
279 2081 436 2159 quicquam
457 2079 574 2141 alterius
595 2090 678 2157 paret
699 2090 802 2140 natura
822 2081 923 2158 figuris

207 2179 246 2237 Et
268 2189 394 2256 cognata
414 2178 509 2238 iacent
529 2179 644 2254 generis
665 2180 720 2238 sub
742 2177 854 2256 legibus
875 2189 960 2239 astra.

127 2290 186 2353 379
208 2276 322 2353 phebus
346 2280 392 2336 uel
412 2276 546 2354 phoebus
570 2278 646 2336 codd.
668 2284 780 2354 praeter
805 2278 890 2336 νοτε)
917 2277 1022 2355 quibus
1051 2277 1139 2337 νοτε)

84 2373 189 2435 foedus
201 2374 339 2452 Scaliger.
383 2379 441 2451 38ο
461 2386 504 2435 est
515 2383 583 2452 post
593 2394 687 2452 genus
701 2376 802 2435 habent
813 2377 1016 2452 ceteripraeter
1032 2374 1138 2437 Gembl.

83 2474 181 2550 quod⁰
195 2475 328 2533 euntibus
348 2471 433 2534 Voss.¹
455 2492 548 2551 genus
562 2474 772 2534 alternantibus
786 2472 930 2534 Bentlcius
948 2474 1138 2535 subeuntibus

83 2569 233 2630 Breiterus
246 2573 418 2632 coeuntibus
431 2591 487 2649 ego.
530 2576 585 2648 381
604 2572 737 2632 Mascula
751 2572 803 2631 sed
820 2572 888 2631 Cur.
902 2573 983 2648 Lips.
998 2592 1021 2631 ο.
1054 2571 1137 2633 Mas·

83 2669 150 2728 cula
172 2669 196 2729 si
214 2670 299 2730 νοτε)
315 2669 438 2731 Masculi
460 2673 622 2731 samaribus
641 2671 728 2730 νοτε)
774 2671 816 2731 M.
833 2689 884 2732 sex
899 2670 1037 2748 Scaliger.
1076 2675 1134 2747 382

82 2766 204 2826 Femine
229 2787 315 2828 sexus
336 2769 459 2846 iungunt
484 2768 572 2830 νοετ)
596 2788 697 2829 secum
721 2770 845 2846 iungunt
863 2771 958 2830 Bentl.
1001 2772 1059 2846 383
1087 2769 1135 2829 Sic

81 2867 240 2943 quicquam
257 2866 325 2926 Cur.
338 2868 420 2944 Ltps.
431 2874 483 2926 eto
499 2868 546 2927 Sic
563 2869 704 2946 quicquid
725 2864 810 2927 νοτε.1
825 2867 874 2926 Tu
890 2867 1032 2945 quidquid
1050 2865 1136 2927 νοτε)

83 2963 131 3024 Sic
146 2965 247 3048 qncgb
269 2965 317 3025 Sic
337 2966 458 3042 inquam
476 2965 550 3026 Scal.
571 2967 619 3026 Sic
640 2984 819 3043 quamquam
834 2964 927 3024 Bentl.
952 2965 1000 3025 Sic
1014 2983 1134 3043 quoque

80 3062 111 3121 iu
133 3062 252 3122 Iacobus
272 3063 391 3124 alternis
410 3064 435 3123 b.
472 3068 531 3140 384
554 3064 639 3124 certis
660 3083 753 3141 marg.
770 3064 886 3142 generis
907 3065 923 3124 b
944 3063 1058 3140 legibus
1079 3064 1134 3123 sub
1156 3055 1159 3062 ’

79 3161 195 3236 legibus
216 3162 352 3222 Vossthm‘.

122 3258 221 3337 Pergit
235 3272 323 3338 poeta
337 3260 374 3321 de
388 3260 566 3339 hexagonis:
588 3260 626 3320 Et
646 3270 746 3319 tamen
766 3260 951 3339 estquidam
972 3277 1134 3320 consensus

78 3357 154 3417 inter
169 3376 200 3417 se
215 3359 305 3436 signis
319 3357 479 3436 hexagonis
491 3360 559 3436 quia
570 3376 645 3437 quae
658 3377 690 3419 se
700 3368 824 3436 tangunt
835 3360 944 3419 alterna
956 3379 979 3431 1,
993 3379 1020 3435 3,
1033 3374 1093 3434 5,7,
1105 3379 1133 3435 9,

82 3475 116 3516 11
128 3466 157 3516 et
168 3474 267 3515 rursus
280 3476 306 3530 2,
323 3475 350 3530 4,
366 3460 393 3530 6,
412 3460 439 3530 8,
452 3477 497 3529 ro,
511 3477 546 3516 12
560 3476 631 3517 sexu
643 3457 832 3530 concordant,
845 3457 892 3518 illa
902 3458 983 3536 quod
993 3456 1134 3531 mascula,

78 3554 152 3615 haec
166 3555 247 3632 quod
261 3554 387 3615 feminea
404 3564 480 3615 sunt.

118 3671 148 3713 u.
165 3656 224 3728 380
246 3654 320 3730 quod
335 3655 462 3714 euntibus
482 3652 727 3732 palaeographiae
748 3655 906 3714 obsecutus
926 3653 956 3711 in
977 3652 1133 3712 coeuntibus

77 3762 178 3811 muto:
198 3754 272 3811 coire
286 3752 420 3812 dicuntur
434 3762 511 3812 astra
529 3752 645 3811 alternis
665 3753 764 3811 iuncta
778 3772 829 3829 per
844 3752 1039 3827 hexagonum,
1054 3768 1133 3808 mas·

76 3849 142 3911 cula
164 3849 249 3909 Aries
270 3867 337 3910 cum
352 3850 495 3922 Geminis,
511 3850 629 3910 Gemini
651 3867 718 3909 cum
740 3849 850 3922 Leone,
865 3848 928 3908 Leo
950 3866 1016 3907 cum
1034 3847 1130 3921 Libra,
