2760 4448
165 260 206 327 16
473 276 622 327 macras
641 276 894 327 mauriennae

160 454 255 514 Poste.
298 452 459 514 Scholiasta
479 453 519 513 ibi
540 457 563 511 εἷ
583 455 712 527 ἀσελήνου
730 459 817 514 νυκτὸς
830 459 910 527 οὔσης
924 454 1043 527 θελήσειε
1063 458 1108 513 τὸν
1128 461 1216 530 γαλα-

162 554 221 623 ξίαν
234 554 395 628 σκέψασθαι,
407 551 429 630 qi
441 557 491 612 σᾶς
501 555 672 627 διχοτομεῖτσι
685 556 799 629 οὐρανός.
825 553 892 632 Ego
899 554 1015 631 findens
1027 553 1114 614 etiam
1125 555 1157 612 in
1169 555 1217 614 ed.

163 650 300 711 Romana
314 651 384 710 anni
401 665 478 726 1510
495 651 604 711 inueni.

203 750 227 810 1.
244 752 385 825 718-720
400 751 440 811 sic
455 750 553 828 scripti
567 752 680 811 suntin
696 750 812 812 Gembl.

285 848 367 908 Num
388 867 419 908 se
440 848 570 909 deductis
591 860 712 910 conetur
733 849 847 910 soluere
868 850 961 909 moles

286 947 452 1007 Seminibus
473 965 594 1026 raraque
615 947 714 1007 labent
735 949 911 1027 compagine
932 949 1022 1009 rimae

261 1032 263 1037 ’
284 1045 505 1122 Admittantque
525 1064 636 1106 nouum
656 1047 755 1107 laxato
776 1047 905 1123 tegmine
925 1047 1033 1108 lumen.

205 1147 263 1221 718
288 1143 412 1203 diductis
436 1143 575 1222 Scaliger.
618 1159 675 1222 719
709 1145 895 1224 segminibus
920 1144 1049 1223 Scaliger
1069 1144 1148 1206 labet
1172 1146 1217 1206 bo

163 1261 309 1320 compage
336 1243 451 1302 carinae
486 1244 617 1302 Varciani
646 1244 734 1316 ambo,
761 1243 829 1303 Cur.
857 1243 906 1316 bo,
937 1262 1083 1321 compage
1109 1243 1216 1304 ruinae

162 1340 312 1402 Molinius.
356 1355 415 1417 720
436 1351 553 1419 pectore
575 1341 706 1400 Vossiani
718 1341 785 1402 Cus.
800 1342 848 1416 bo,
863 1360 987 1419 corpore
1001 1343 1073 1401 Luc.
1088 1340 1217 1402 Mueller

52 1458 56 1465 ·
162 1441 195 1498 ale
208 1460 233 1500 r.
245 1459 281 1499 m.
296 1459 324 1516 p.
341 1454 408 1515 455.

204 1537 451 1598 Gemblacensem
479 1557 516 1597 ne
548 1537 595 1597 hic
624 1538 744 1616 quidem
773 1556 890 1615 sequor.
946 1537 1092 1615 Numquis
1126 1537 1217 1599 latine

163 1638 234 1697 dixit
257 1640 348 1696 rumas
369 1637 490 1695 lalarcl
532 1636 644 1696 Contra
667 1638 783 1696 carinae
803 1637 912 1714 optime
934 1637 1037 1696 dicitur
1058 1636 1095 1697 de
1117 1637 1217 1698 bifidis

162 1736 300 1795 lateribus
327 1736 388 1795 siue
416 1735 544 1812 partibus
572 1734 644 1794 caeli
672 1753 747 1812 quae
778 1744 941 1794 rarescente
969 1752 1112 1813 compage
1141 1737 1217 1795 caeli

162 1835 329 1913 aperiuntur
359 1834 515 1910 lumenque
547 1851 600 1910 per
628 1851 659 1892 se
687 1833 862 1892 effundunt:
897 1833 1149 1909 quemadmodum
1176 1835 1217 1896 de

163 1933 262 1993 diuisis
276 1932 400 1992 nucibus
418 1932 568 2008 usurpauit
585 1930 762 1990 uocabulum
779 1930 888 1990 Plinius
901 1950 948 1989 xv.
964 1934 1003 1989 88
1017 1951 1136 2008 namque
1149 1939 1219 1993 sunt

161 2033 263 2110 bifidae
279 2032 454 2108 putaminum
474 2031 597 2089 carinae.
639 2029 678 2089 Et
698 2041 826 2106 compage
845 2029 963 2107 quidem
979 2048 1050 2090 usus
1068 2042 1112 2090 est
1127 2029 1215 2092 Mac-

161 2131 259 2191 robius
274 2130 310 2189 de
325 2128 449 2188 Galaxia
463 2128 563 2189 dicens
579 2127 607 2187 S.
617 2126 645 2186 S.
659 2128 678 2186 i.
697 2147 741 2203 13.
754 2146 771 2200 4
788 2127 992 2204 llzcoplrasius
1005 2130 1120 2188 lacteum
1135 2132 1218 2190 azau

162 2249 217 2289 esse
228 2239 384 2307 compagem
402 2248 459 2304 qua
478 2228 510 2285 de
528 2226 632 2286 duobus
648 2227 858 2303 hemisphaeriis
871 2228 944 2286 caeli
957 2228 1075 2303 sphaera
1092 2229 1216 2288 solidata

161 2335 209 2387 est.
252 2326 283 2385 Si
304 2327 370 2404 quis
390 2343 461 2384 uero
481 2334 569 2401 neget
589 2335 717 2401 compage
737 2343 764 2383 u.
781 2338 848 2400 719,
869 2343 941 2384 mox
963 2328 1123 2403 compagine
1145 2340 1217 2402 727,

162 2426 282 2485 Aeriam
297 2425 329 2482 in
342 2424 469 2482 nebulam
490 2424 571 2481 clara
589 2424 748 2500 cooepagzne
767 2442 874 2496 uersus,
889 2434 918 2482 et
931 2442 1030 2483 rursus
1046 2427 1105 2497 840
1118 2423 1216 2484 Inier-

162 2527 228 2583 alum
239 2524 352 2600 aequali
359 2524 477 2580 laterum
487 2521 646 2596 compagine
659 2522 758 2579 ductus
768 2522 899 2598 usurpari
910 2541 928 2580 a
940 2520 1063 2581 Manilio
1073 2523 1214 2600 potuisse,

162 2622 241 2681 hunc
269 2622 310 2679 sic
339 2620 531 2695 redarguam:
561 2620 720 2696 compagine
747 2619 837 2678 semel
864 2620 983 2697 quidem
1011 2629 1108 2679 extare
1133 2623 1215 2700 apud

163 2719 304 2781 Ouidium
326 2716 370 2776 M.
386 2717 403 2776 i.
420 2735 475 2775 211
493 2719 652 2794 compagine
665 2737 750 2789 cerae,
766 2719 855 2776 semel
870 2719 899 2776 in
915 2718 1084 2778 Germanici
1097 2720 1216 2780 Arateis

167 2821 234 2887 180,
244 2817 362 2876 fortasse
371 2816 458 2875 etiam
469 2816 546 2892 apud
556 2815 675 2874 Celsum
682 2800 722 2873 iv.
735 2829 751 2891 7
762 2813 837 2895 (14),
850 2814 991 2876 Senecam
1002 2817 1095 2893 Epist.
1106 2837 1153 2893 91.
1168 2837 1214 2878 12.

162 2916 203 2975 At
216 2916 246 2972 in
260 2915 326 2975 loco
341 2914 425 2973 Plinii
437 2913 478 2972 H.
488 2912 525 2973 N.
536 2914 562 2972 ii.
573 2928 589 2988 5
600 2915 744 2973 nullarum
755 2934 834 2992 egeus
843 2917 1017 2991 compagium
1027 2915 1215 2979 Detlefsenus

163 3015 312 3074 reuocauit
323 3032 358 3072 ex
370 3013 486 3090 optimis
501 3013 668 3072 codicibus:
685 3024 713 3073 et
728 3013 847 3072 Seruius
860 3013 899 3072 ad
912 3014 988 3072 Aen.
1002 3014 1020 3072 i.
1037 3033 1093 3090 293
1110 3033 1215 3092 quam·

163 3129 251 3188 quam
267 3113 464 3188 posteritatem
482 3111 585 3171 fatetur
602 3112 753 3172 admisisse
770 3123 801 3171 ut
818 3111 905 3170 etiam
918 3122 1048 3189 compago
1062 3113 1214 3188 diceretur,

163 3228 231 3270 cum
239 3221 379 3288 compages
390 3211 501 3288 antiqui
514 3220 627 3270 tantum
641 3211 790 3283 dixissent,
802 3210 882 3268 addit
896 3220 993 3269 tamen
1007 3212 1038 3270 in
1052 3211 1110 3270 fine
1122 3217 1130 3245 ‘
1141 3232 1216 3273 com·

155 3310 276 3386 paginis
289 3311 359 3367 cnam
370 3329 446 3368 nemo
456 3312 567 3385 puncius
580 3306 688 3369 dieze?
710 3327 745 3367 ea
759 3318 856 3368 autem
871 3309 977 3386 quibus
992 3308 1090 3369 Ouidii
1110 3329 1215 3373 uersus

163 3407 245 3467 citari
267 3409 421 3484 putabatur
445 3425 463 3466 a
492 3405 601 3479 Seruio,
623 3408 661 3465 ab
688 3407 746 3467 hoc
772 3425 850 3467 nunc
877 3407 1045 3467 abiudicant
1067 3409 1157 3471 Thilo
1184 3422 1216 3471 et

163 3505 315 3584 Hagenus.
362 3505 476 3565 Deinde
497 3505 574 3564 male
594 3505 715 3564 latinum
736 3508 895 3582 compagine
915 3524 1005 3584 quare
1024 3513 1067 3566 ter
1086 3508 1215 3586 imputes

163 3604 305 3664 Manilio?
333 3603 382 3662 An
399 3605 468 3680 quia
480 3605 561 3663 semel
567 3603 645 3682 apud
658 3603 737 3664 hunc
752 3606 850 3664 extat?
876 3604 955 3677 Quia
968 3606 1057 3665 semel
1071 3607 1214 3684 peccauit,

162 3703 229 3761 ideo
244 3704 380 3781 semper?
402 3701 481 3761 Nam
501 3703 531 3760 in
549 3716 604 3778 727
628 3720 665 3762 ne
687 3713 767 3763 certo
787 3703 906 3782 quidem
928 3703 1035 3764 scimus
1053 3707 1216 3784 compagine

162 3818 231 3859 uere
253 3802 389 3861 traditum
410 3819 482 3872 esse,
504 3819 572 3860 cum
591 3810 711 3879 uterque
729 3801 889 3862 Vossianus
904 3802 1010 3862 habeat
1023 3815 1160 3880 compage,
1181 3813 1215 3862 ut

162 3897 252 3957 alium
266 3900 354 3959 finem
368 3918 470 3961 uersus
485 3899 591 3958 habere
606 3901 738 3977 potuerit.
