2760 4448
163 290 225 357 194
471 284 620 336 ryocras
640 285 893 337 MANJLJANAE

165 510 169 515 .
202 442 240 502 V.
254 446 397 520 461-465
412 444 454 506 sic
468 445 567 524 scripti
582 447 695 506 suntin
710 445 828 507 Gembl.

282 559 348 636 Nec
368 560 466 620 minus
486 559 558 622 haec
578 562 722 622 scelerum
742 561 817 621 facie
837 579 994 640 rerumque
1014 561 1141 622 tumultu

284 666 463 728 Gaudebunt
483 669 536 728 atri
556 669 657 727 luxum
678 687 841 728 memorare
861 667 1007 746 sepulchri

284 765 516 844 Luctantemque
537 777 651 845 patrem
672 778 742 826 nato
763 766 913 844 solemque
934 785 1085 828 reuersum

285 865 324 924 Et
345 884 465 925 caecum
487 867 548 926 sine
569 867 632 926 sole
653 866 731 925 diem
751 865 877 925 thebana
898 866 1009 925 iuuabit

201 966 261 1040 465
282 963 387 1024 Dicere
408 964 484 1023 bella
504 965 577 1024 uteri
598 964 780 1041 mixtumque
801 964 832 1022 in
852 964 939 1024 fratre
959 973 1122 1042 parentem.

202 1082 258 1153 461
274 1080 347 1139 haec
368 1079 454 1138 tasse
467 1086 494 1139 et
505 1078 585 1155 Lips.
599 1086 661 1138 teste
679 1079 778 1138 Iacobo
797 1088 826 1138 et
847 1078 932 1138 Vosr.¹
947 1080 993 1138 ob
1010 1079 1066 1138 hac
1081 1079 1214 1140 Iacobus.

161 1181 219 1252 462
242 1197 311 1237 aure
335 1177 420 1237 Voss.l
440 1179 493 1238 atri
507 1186 564 1236 cett.
578 1179 680 1236 luxum
704 1178 839 1249 Vorsziznr‘,
856 1177 924 1237 Cur.
938 1177 1020 1254 Lps.
1034 1179 1146 1239 luctum
1163 1179 1180 1237 b
1200 1198 1215 1237 o

161 1277 306 1355 sepulchri
334 1276 419 1337 Voss.1
442 1275 510 1336 Cur.
531 1284 558 1336 et
579 1297 654 1335 corr.
674 1277 756 1354 Lrps.
785 1276 937 1353 sepulchra
971 1276 1059 1338 Voss.²
1079 1285 1107 1336 et
1128 1277 1213 1354 Lapa.

160 1386 248 1452 mpr.
276 1379 334 1450 463
356 1375 589 1452 Ructantemque
607 1395 636 1452 p.
651 1386 736 1435 natos
755 1376 857 1436 codz'ces
864 1376 1002 1454 plerique.
1044 1379 1104 1453 464
1119 1376 1212 1436 titana

171 1474 256 1535 Vors.¹
271 1474 381 1533 tithana
397 1473 465 1533 Cur.
480 1474 578 1533 tibana
598 1495 622 1532 o.

203 1571 412 1632 Describuntur
433 1573 493 1631 nati
515 1573 625 1632 oriente
646 1570 776 1649 Cepheo,
798 1570 830 1630 in
851 1571 896 1632 his
918 1571 1073 1649 scriptores
1094 1581 1212 1648 tragoe-

162 1671 284 1731 diarum.
318 1673 400 1731 Tum
414 1681 625 1731 commemorat
638 1670 741 1729 harum
756 1680 936 1746 argumenta,
947 1670 1094 1748 Thyestae
1108 1689 1213 1730 cenam

162 1788 221 1845 qua
235 1787 303 1828 suos
317 1778 401 1829 natos
422 1770 542 1840 uorauit,
557 1788 647 1848 quam
667 1769 894 1847 perhorrescens
908 1770 961 1843 sol,
976 1788 1014 1828 ne
1027 1768 1213 1847 pollueretur,

163 1867 275 1944 aufugit
283 1866 377 1946 (Hyg.
386 1867 456 1926 Fab.
468 1866 539 1947 258)
545 1887 553 1940 ς
568 1869 677 1928 bellum
689 1868 768 1946 quod
782 1869 855 1927 inter
867 1886 898 1927 se
912 1876 1064 1946 gesserunt
1077 1867 1214 1928 Eteocles

162 1975 192 2025 et
206 1965 357 2042 Polynices
371 1966 408 2025 ab
422 1966 534 2026 incesto
548 1985 641 2045 usque
660 1967 761 2025 matris
779 1975 861 2026 utero
881 1967 934 2025 sibi
952 1966 1077 2026 inuicem
1095 1965 1211 2038 infensi,

163 2064 310 2141 Oedipum
328 2064 412 2124 matri
432 2083 501 2124 suae
522 2065 655 2125 iunctum
674 2065 801 2124 conubio
821 2074 853 2123 ut
871 2064 957 2127 frater
971 2065 1046 2124 natis
1065 2064 1213 2124 euaderet.

164 2159 265 2218 Vnum
289 2160 436 2238 estquod
464 2159 588 2219 dubitari
612 2160 712 2238 possit,
735 2160 825 2219 uerba
850 2161 914 2218 atri
933 2160 1037 2219 luxum
1061 2178 1216 2221 memorare

300 2273 311 2306 Ι

162 2325 309 2399 sepulchra
323 2323 361 2382 ad
375 2322 555 2400 Antigonam
576 2342 615 2383 an
633 2322 672 2382 ad
686 2323 807 2382 Atreum
828 2331 857 2382 et
872 2321 1022 2400 Thyesten
1040 2323 1213 2400 pertineant.

163 2421 240 2481 Illud
262 2421 399 2498 Scaliger,
420 2422 477 2481 hoc
498 2421 647 2480 Bentleius
671 2422 808 2499 opinatus
830 2431 883 2480 est.
933 2421 1006 2481 Non
1027 2421 1154 2481 multum
1175 2422 1214 2481 ad

163 2520 240 2579 hanc
260 2539 322 2579 rem
342 2520 461 2598 prodest
478 2521 559 2603 quod
580 2519 720 2580 Manilius
740 2519 861 2580 exordio
880 2519 946 2578 libri
967 2519 1015 2579 III
1035 2520 1085 2579 ubi
1106 2519 1213 2579 similia

163 2620 306 2691 tractauit,
329 2620 456 2696 primum
480 2628 591 2697 septem
620 2619 730 2679 ducum
754 2617 863 2678 bellum
889 2619 928 2678 ad
951 2618 1081 2691 Thebas,
1106 2618 1216 2678 deinde

165 2715 328 2793 Oedipodis
348 2717 500 2790 incestum,
514 2719 598 2777 tertio
621 2717 769 2795 Thyestae
790 2735 895 2777 cenam
912 2717 1057 2776 enarrauit
1075 2713 1215 2797 (15-19),

163 2814 201 2875 de
219 2814 368 2892 Antigona
391 2815 463 2875 nihil
486 2816 566 2877 dixit.
616 2815 681 2877 Nec
709 2815 796 2892 longe
825 2817 906 2876 abest
934 2833 953 2875 a
981 2816 1093 2877 traditis
1115 2816 1216 2877 litteris

165 2912 301 2973 codicum
322 2915 411 2973 uerba
431 2915 472 2974 sie
493 2915 635 2991 refingere

287 3010 482 3072 Gaudebunt:
500 3014 599 3092 fratri
619 3013 728 3072 clusam
749 3030 912 3072 memorare
932 3011 1097 3090 sepulchro,

164 3137 196 3186 ut
219 3126 369 3202 Antigona
397 3127 574 3203 significetur
604 3127 760 3205 sepulchro
790 3127 901 3188 inclusa
933 3146 971 3187 ne
998 3127 1088 3187 frater
1118 3128 1216 3206 sepul-

165 3225 237 3285 chro
258 3234 377 3285 careret.
430 3225 489 3285 Sed
513 3237 612 3285 tamen
637 3227 753 3304 saepius
776 3226 874 3286 locum
896 3226 1094 3286 consideranti
1119 3228 1217 3286 uerior

165 3325 236 3382 mihi
253 3325 366 3383 uidetur
382 3324 483 3383 Iacobi
503 3324 670 3384 emendatio
683 3325 776 3397 Atrea}
791 3335 821 3384 et
838 3324 897 3385 hoc
918 3325 1012 3402 magis
1027 3324 1108 3403 quod
1129 3344 1168 3384 ne
1185 3326 1216 3384 in

165 3444 234 3482 aure
243 3424 362 3501 quidem
376 3423 456 3500 quod
469 3423 557 3483 habet
568 3423 666 3484 Voss.⁹
680 3424 838 3502 quicquam
852 3423 986 3502 proditur
996 3425 1078 3503 quod
1091 3425 1216 3484 amissas

166 3560 233 3647 ante
261 3607 280 3646 a
306 3588 413 3647 litteras
440 3597 568 3647 testetur.
610 3586 685 3660 Fuit,
709 3588 765 3648 nisi
790 3587 880 3660 fallor,
906 3527 979 3647 αἴντ
1003 3588 1116 3662 luxum,
1144 3589 1221 3647 atrei

165 3688 293 3745 elixum:
313 3705 402 3764 quam
416 3687 535 3763 quidem
554 3686 684 3744 fabulam
702 3685 850 3746 Bentleius
869 3687 963 3745 innuit
982 3705 1050 3747 cum
1066 3687 1159 3746 uerba
1176 3687 1218 3746 sic

167 3785 320 3860 refingeret
344 3787 410 3843 urici
433 3785 541 3842 bustum
570 3803 722 3843 memorare
745 3786 892 3862 sepulchre,
914 3783 1064 3862 Thyesten
1085 3784 1218 3844 indicans

167 3884 217 3960 qui
237 3883 308 3943 dum
328 3893 413 3944 natos
432 3883 559 3945 comedit
573 3883 656 3963 quasi
673 3886 794 3961 ἔμψυχος
811 3888 896 3960 τάφος
912 3883 954 3944 eis
972 3884 1065 3947 lactus
1083 3893 1136 3945 est
1178 3883 1218 3945 Et
