2760 4448
287 257 349 337 176
597 269 750 320 noceas
769 270 1019 323 eeAevrereequ

274 430 354 508 ficus
366 431 465 505 spritus
478 429 617 506 platanus
630 431 752 507 populus
764 433 866 491 laurus
872 433 1064 512 peieussegur
1077 432 1231 502 interdum,
1245 444 1335 512 prout

282 547 330 588 res
343 528 493 604 poscebat,
507 528 674 589 masculinis
688 531 903 590 accensebatur.

322 625 360 684 V.
376 629 515 699 244-246
531 626 573 685 sic
586 635 686 686 extant
699 628 730 686 in
744 628 861 688 Gembl.

686 744 741 786 nec
760 745 848 803 parce
868 726 937 786 uina
957 737 1074 803 recepta

403 821 526 882 Hauriet
547 824 703 887 †emiseris
724 836 752 885 et
773 826 912 885 fructibus
932 826 995 902 ipse
1016 826 1130 886 iuuetur

273 994 275 999 .
402 921 607 1000 Gaudebitque
627 940 709 983 mero
731 934 900 1003 mergetque
921 925 952 982 in
971 925 1078 1001 pocula
1098 935 1236 985 mentem.

308 1034 380 1094 .245
407 1019 550 1096 Hauriget
573 1019 642 1080 Cus.
696 1021 826 1100 frugibus
854 1020 939 1082 Voss.¹
961 1023 1009 1083 be
1063 1023 1179 1083 fouetur
1206 1023 1329 1085 Vors.¹b

279 1128 431 1178 uoueturo
470 1118 579 1178 fruetur
593 1118 731 1197 Scalzgeer.

320 1216 514 1277 Correxerunt
527 1219 656 1277 eme‘scenr
668 1221 791 1278 emeilrei
807 1222 924 1278 emersis.
953 1218 1050 1279 Credo
1065 1220 1180 1299 longius
1195 1240 1212 1281 a
1226 1221 1327 1282 litteris

278 1316 416 1374 codicum
437 1317 538 1375 abesse
560 1316 641 1392 quod
665 1317 826 1395 requiritur,
849 1319 1007 1394 inuergenr.
1059 1318 1214 1396 Proprium
1237 1320 1268 1378 id
1289 1321 1326 1380 de

277 1414 442 1474 bibentibus
470 1415 520 1491 qui
548 1414 609 1472 uini
640 1424 765 1474 crateras
790 1417 945 1492 inuergunt
973 1416 1034 1475 siue
1062 1417 1203 1478 inclinant
1231 1419 1262 1475 in
1289 1437 1326 1478 os

276 1511 370 1573 Plaut.
389 1513 475 1574 Cure.
498 1514 515 1571 i.
539 1533 566 1571 2.
590 1531 635 1589 13.
685 1514 827 1574 Disseruit
849 1514 885 1573 de
907 1513 964 1574 hoc
986 1515 1132 1575 uocabulo
1153 1514 1325 1577 Gronouius

276 1611 307 1670 in
325 1611 478 1672 Obseruat.
497 1613 525 1670 ii.
546 1625 573 1686 7.
616 1612 819 1689 Corruptclam
844 1631 880 1670 ex
904 1613 1076 1689 conpendiis
1100 1614 1257 1690 scripturae
1283 1616 1324 1675 sic

275 1709 395 1770 sortasse
425 1712 582 1788 expedies:
617 1711 724 1771 excidit
745 1711 972 1789 suprascriptum
993 1741 1013 1758 u
1030 1708 1095 1792 (er),
1111 1732 1137 1788 g
1156 1713 1187 1770 in
1206 1714 1323 1787 rabiit,

274 1827 294 1866 n
309 1810 339 1867 in
352 1811 390 1867 η’.

315 1907 352 1965 V.
369 1909 436 1979 260,
454 1911 509 1968 261
526 1910 567 1968 sic
581 1918 680 1969 extant
694 1909 724 1966 in
738 1908 856 1968 Gembl.

397 2005 554 2066 Ceruleum
574 2007 649 2067 foliis
670 2007 831 2065 uiridemue
851 2007 882 2065 in
903 2007 1034 2083 gramine
1056 2006 1161 2067 collem

395 2104 537 2166 Conseret
558 2116 586 2165 et
606 2107 682 2165 ueris
702 2105 859 2183 depinguet
879 2116 960 2182 prata
980 2105 1088 2182 figuris,

316 2205 374 2261 260
392 2203 622 2283 Caeruleumque
644 2205 716 2263 oleis
736 2204 897 2291 uiridemue
918 2204 949 2261 in
969 2202 1087 2280 palmite
1106 2203 1211 2263 collem
1232 2203 1321 2264 Bent-

268 2304 341 2362 ‘lee'ees
394 2302 470 2362 foliis
493 2305 569 2361 codd.
624 2303 803 2379 uiridemque
831 2299 916 2360 Voss.1
941 2301 982 2360 ob
1005 2301 1134 2378 Regiam.
1189 2303 1319 2379 germine

271 2401 398 2461 Iacobus.
442 2403 497 2460 261
517 2401 654 2479 depinget
668 2402 796 2477 plerique
808 2399 858 2458 An
873 2400 1049 2476 distinguet?

313 2499 402 2572 Quod
417 2499 572 2570 Bentleius,
587 2501 674 2560 citato
689 2498 774 2557 Lucr.
788 2518 815 2558 v.
834 2511 909 2573 1372
924 2498 1021 2556 Prota
1037 2500 1116 2556 lacus
1130 2499 1208 2556 reiees
1221 2506 1318 2574 segetes

270 2599 414 2673 ue'netaque
437 2601 508 2656 laeta
528 2590 659 2658 ¹Collibus
685 2602 712 2655 el
735 2597 840 2673 campis
866 2602 900 2653 ue
923 2596 1060 2668 haberent,
1086 2603 1167 2672 atque
1193 2599 1317 2657 olearum

273 2696 396 2756 Caerula
418 2699 591 2773 de'sle'ngeeens
617 2700 691 2755 e'nter
710 2697 803 2771 plage
825 2714 937 2752 currere
957 2671 1132 2771 perret⁰Per
1152 2699 1272 2755 tumulos
1292 2704 1319 2755 et

266 2795 405 2854 'conualles
418 2806 578 2871 camposque
585 2797 717 2874 profusa,
727 2793 817 2853 colles
831 2793 861 2850 in
875 2811 963 2852 uersu
980 2792 1093 2851 Manilii
1107 2802 1185 2853 ratus
1199 2804 1243 2854 est
1257 2795 1315 2854 dici

269 2894 341 2953 oleis
355 2894 401 2953 uel
415 2894 522 2952 uitibus
536 2894 675 2964 consitos,
691 2903 723 2950 ut
742 2891 809 2950 hinc
828 2891 908 2950 color
924 2891 1073 2950 caeruleus
1092 2891 1232 2965 olearum,
1247 2893 1315 2952 inde

268 2991 367 3050 uiridis
392 2991 471 3051 fieret
495 2992 606 3063 uitium,
630 2991 702 3050 nihil
730 2990 872 3049 eiusmodi
897 2988 1051 3049 Manilium
1074 2990 1201 3050 uoluisse
1224 2991 1315 3050 multa

268 3089 424 3149 declarant.
466 3089 526 3148 Cur
547 3090 624 3149 enim
646 3090 719 3148 inter
743 3088 817 3147 horti
838 3097 1003 3164 prouentus
1026 3088 1118 3147 uiolas
1142 3088 1313 3166 hyacinthos

267 3188 325 3247 lilia
338 3206 484 3265 papauera
498 3206 579 3246 rosas
595 3185 707 3266 (256-2
712 3184 772 3264 59),
788 3187 868 3246 oleae
884 3205 917 3246 ac
931 3187 1013 3258 uites,
1028 3206 1090 3246 non
1103 3186 1203 3247 holera
1216 3189 1313 3265 potius

263 3307 301 3348 ac
316 3287 432 3346 frutices
448 3287 604 3346 inducendi
625 3288 727 3346 erant?
764 3285 925 3345 Columella
947 3295 1024 3345 certe
1044 3295 1203 3362 postquam
1223 3286 1312 3346 flores

266 3385 407 3445 recensuit
435 3404 463 3443 x.
489 3397 608 3460 97-105
637 3385 731 3461 pergit
755 3384 793 3443 ad
813 3384 917 3444 bulbos
941 3401 1056 3444 erucam
1083 3384 1312 3461 chaerophylum

264 3485 365 3561 intyba
385 3483 559 3542 lactuculam
580 3483 645 3542 allia
666 3483 791 3560 ulpicam
812 3483 883 3541 siser
904 3483 1034 3558 salgama
1054 3483 1195 3559 capparin
1216 3482 1312 3543 inulas

265 3581 385 3641 ferulam
397 3593 509 3640 mentes
523 3579 661 3640 anethum
675 3591 770 3639 rutam
782 3581 906 3657 sinapim
917 3599 1039 3658 caepam
1050 3592 1200 3658 postremo
1208 3584 1310 3654 caules,

268 3694 323 3755 127
343 3698 407 3756 sqq.
432 3680 463 3738 T
457 3700 503 3738 um
524 3699 627 3756 quoque
644 3681 798 3738 consereiur
816 3685 870 3738 tote
890 3699 960 3755 quae
971 3681 1102 3756 plurem
1122 3685 1214 3738 terrae
1237 3679 1311 3739 Orbe

263 3779 358 3837 uirens
375 3780 491 3854 pariter
505 3778 585 3854 plebi
609 3779 720 3853 regeque
744 3778 857 3853 superbe
881 3777 1054 3853 Frigoribus
1077 3780 1168 3836 caules
1194 3785 1222 3836 et
1246 3779 1313 3836 ueri

260 3884 371 3950 (emam
389 3879 491 3936 metet:
521 3895 616 3957 neque
636 3876 787 3954 indignum
812 3895 843 3938 se
869 3876 969 3938 habuit
993 3895 1031 3937 xv
1052 3875 1177 3939 caulium
1199 3894 1308 3953 genera
