2760 4448
161 272 202 336 86
478 286 626 336 nocuas
645 284 893 336 Monramnora

160 453 351 530 Exprinnre!
387 451 471 512 Adeo
485 464 534 513 aut
547 436 669 512 latuerat
682 464 731 512 aut
746 453 927 514 obsoleuerat
942 450 1107 510 emendatio
1121 450 1205 510 etiam

161 553 329 612 certissima.

200 651 300 710 Vltimi
314 668 416 710 uersus
432 663 488 724 217
506 650 616 710 incerta
636 659 680 709 est
702 650 874 709 retractatio.
917 647 996 707 Nam
1017 647 1099 725 quod
1116 647 1203 706 habet

163 749 297 825 Regiam.
312 748 464 827 Autscrai
477 768 589 807 occasus
609 756 661 807 aut
676 751 731 807 inco
743 750 844 807 sedenti
863 748 927 806 orbe
939 747 989 805 uix
1009 747 1077 806 satis
1092 744 1209 804 Manili-

162 866 271 920 anum3
293 866 346 907 nec
365 848 486 907 omnino
503 847 598 924 placet
612 845 813 907 Bentleianum
832 847 901 907 illud
914 853 967 905 ont
979 847 1066 905 ineunt
1080 846 1211 904 obsederit

162 949 259 1006 orbern.
302 945 531 1006 Scribendumne
546 956 589 1005 est

284 1062 370 1134 Quae
391 1041 459 1138 pars
480 1071 614 1120 exortum
635 1060 680 1120 uel
702 1080 775 1139 quae
797 1061 911 1138 fastigia
931 1061 1033 1120 mundi

285 1161 344 1219 Aut
365 1168 437 1219 ierat
458 1177 579 1218 occasus
600 1170 650 1218 aut
670 1160 757 1218 imnrn
779 1160 913 1219 insederit
934 1160 1057 1218 orbern?

204 1259 258 1318 111.
277 1278 331 1332 241
350 1276 412 1336 sqq.

284 1357 386 1429 Quum
407 1365 506 1414 tamen
527 1356 557 1414 in
578 1374 753 1433 quoeunque
774 1356 835 1415 dies
857 1355 1006 1415 deducitur
1028 1363 1106 1413 astro

288 1456 346 1515 Sex
367 1455 474 1514 habeat
494 1473 580 1530 supra
601 1465 698 1525 terras
720 1473 771 1514 sex
793 1456 876 1532 signa
896 1456 951 1513 sub
972 1453 1034 1512 illis.

204 1554 306 1631 Polyb.
322 1555 358 1612 ix.
377 1568 421 1628 15.
437 1556 454 1611 8
476 1554 572 1609 ἀνίσων
586 1556 671 1610 adadu
684 1561 735 1610 τῶν
749 1561 852 1625 νυκτῶν,
867 1555 935 1626 ὅμως
955 1556 982 1610 ἐν
996 1557 1069 1624 πάσῃ
1090 1557 1122 1622 τῇ
1144 1554 1213 1609 νυκτὶ

163 1659 215 1710 τῶν
228 1655 325 1709 δώδεκα
340 1654 435 1727 ζῳδίων
449 1651 478 1722 ἓξ
491 1652 666 1722 ἀναφέρεσθαι
681 1656 824 1719 συμβαίνει.

205 1750 261 1809 111.
280 1764 417 1824 247-251
436 1750 476 1807 sic
490 1759 589 1807 extant
603 1750 633 1806 in
649 1749 764 1809 Gembl.

286 1847 350 1906 Nec
373 1847 424 1905 tibi
446 1849 620 1906 constabunt
641 1847 723 1907 aliter
745 1849 866 1924 uestigia
886 1846 948 1907 ueri

287 1944 327 2004 Ni
348 1945 442 2004 lucem
465 1956 638 2022 noctemque
659 1949 736 2023 paris
757 1946 906 2005 dimensus
926 1946 957 2004 in
977 1946 1064 2004 horas

286 2044 322 2102 In
344 2054 484 2121 quantum
506 2046 586 2102 uario
607 2055 724 2122 pateant
745 2047 800 2103 sub
821 2055 952 2121 tempore
973 2044 1052 2103 noris

208 2161 266 2219 250
289 2142 458 2222 Regulaque
479 2153 582 2202 exacta
602 2145 727 2219 primum
748 2143 887 2202 formatur
906 2145 936 2202 in
958 2143 1045 2202 horas

287 2240 372 2313 Quae
394 2241 565 2317 signemque
586 2242 662 2300 diem
684 2241 781 2300 sedem
804 2241 964 2318 perpendat
984 2251 1013 2300 et
1035 2243 1164 2300 umbras

208 2346 264 2413 248
288 2341 443 2398 demensus
465 2339 550 2398 Voss.2
588 2355 645 2413 250
660 2350 762 2399 exacta
779 2339 847 2400 Cas.
857 2342 937 2415 Lips.
954 2341 1086 2398 Vosscam'
1096 2352 1215 2400 exactas

166 2441 212 2499 bo.
237 2438 375 2498 formetur
385 2439 459 2495 codd.
466 2445 578 2514 praeter
593 2437 696 2496 Gembl.
707 2449 824 2497 exactas
834 2439 863 2496 in
874 2437 960 2498 horas
971 2437 1103 2514 Scaliger
1111 2449 1216 2498 exacta

163 2538 194 2595 in
222 2537 294 2596 hora
316 2535 458 2594 Bentlnns
480 2538 556 2594 ‘nisi
580 2539 677 2612 regula
693 2537 842 2614 flornzetur
870 2539 900 2593 in
929 2538 998 2595 hora
1026 2544 1128 2596 exacta
1158 2539 1217 2595 siue

1047 2649 1073 2682 m
1190 2650 1217 2682 111

165 2698 374 2776 aequinoctiali?
415 2716 468 2775 251
487 2718 664 2778 segnemque
681 2701 815 2772 Vossconc',
830 2700 940 2773 Cus.‚o
974 2719 1139 2778 segnesque
1154 2701 1218 2759 dies

165 2800 182 2859 b
220 2799 320 2858 sedem
333 2797 400 2857 Cur.
410 2799 491 2874 Lips.
511 2799 642 2857 Vossconc'
654 2798 737 2857 sedes
748 2818 763 2856 o
774 2817 878 2876 segnes
889 2801 1037 2858 beicodex
1047 2799 1216 2857 Parisinus.

166 2896 325 2974 perpendet
360 2895 445 2955 Voss?
493 2896 578 2968 Quae
606 2914 785 2973 segnemque
813 2897 891 2956 diem
919 2916 1024 2974 segnes
1051 2899 1219 2976 perpendat

165 3004 195 3054 et
219 2996 338 3053 umbras
359 2995 459 3071 Fayns
481 2994 566 3067 Quae
595 2995 776 3072 similemque
801 2995 847 3054 die
875 2996 974 3056 sedem
1001 2996 1164 3074 perpendat
1189 3009 1220 3056 et

166 3093 277 3150 umbris
291 3090 447 3150 Breiicrns.

208 3189 334 3248 Temere
356 3190 481 3249 lacobus
500 3197 603 3249 exacto
625 3190 837 3249 nominatiuum
860 3191 1011 3264 retinebat,
1033 3191 1178 3268 producta
1199 3213 1219 3250 a

166 3290 234 3348 ante
246 3290 383 3363 pri'rnurn.
425 3287 504 3346 Nam
524 3288 603 3365 quod
620 3306 712 3346 unum
727 3288 855 3347 adfertur
868 3289 1034 3366 exemplum
1048 3289 1220 3349 huiusmodi

167 3405 186 3444 a
206 3385 347 3446 Cramero
366 3386 400 3443 de
418 3385 545 3444 Manilii
562 3389 705 3445 elocutione
725 3406 753 3462 p.
776 3369 821 3458 1¹8,
844 3386 867 3446 1.
890 3407 929 3463 90
951 3387 1066 3464 Semper
1085 3389 1159 3446 enim
1180 3409 1220 3449 ex

167 3486 234 3542 aliis
245 3485 303 3542 olco
311 3486 487 3560 proseminat
496 3504 563 3542 usus
574 3485 643 3543 uitio
654 3484 694 3543 sie
706 3486 843 3544 traditum
855 3504 919 3544 esse
933 3504 995 3545 non
1009 3485 1120 3544 dubito·
1153 3485 1220 3545 Nec

168 3581 289 3648 Bentleii
303 3582 396 3658 placet
418 3583 489 3642 ratio
503 3591 605 3642 exacta
618 3585 649 3640 in
666 3584 737 3642 noro
759 3583 918 3657 scribentis
933 3595 961 3643 et
975 3585 1219 3662 ‘aequinoctiali’

168 3681 395 3757 interpretantis3
425 3680 505 3758 quod
529 3692 557 3740 et
582 3683 717 3741 arbitratu
744 3700 798 3740 suo
822 3683 861 3741 ita
886 3684 1090 3760 interpretatus
1115 3695 1169 3757 est,
1191 3695 1222 3744 et

169 3778 265 3838 nullus
280 3779 319 3838 sic
339 3779 420 3838 locus
440 3791 501 3837 erat
520 3780 726 3856 praepositioni
745 3782 784 3853 in,
801 3780 852 3840 sed
872 3782 1101 3859 exspectandum
1120 3785 1222 3860 potius

169 3887 230 3935 erat
245 3868 287 3936 ab.
329 3876 389 3937 Aut
403 3896 505 3936 uerum
520 3896 584 3938 reor
600 3879 628 3936 id
643 3878 722 3954 quod
737 3878 844 3938 habent
859 3880 900 3938 bo
919 3889 947 3939 et
964 3880 1029 3940 cod.
1045 3880 1135 3941 Paris.
1151 3901 1221 3942 cum
