<?xml version="1.0" encoding="UTF-8"?>
<!DOCTYPE html PUBLIC "-//W3C//DTD XHTML 1.0 Transitional//EN"
    "http://www.w3.org/TR/xhtml1/DTD/xhtml1-transitional.dtd">
<html xmlns="http://www.w3.org/1999/xhtml" xml:lang="en" lang="en">
 <head>
  <title>
</title>
<meta http-equiv="Content-Type" content="text/html;charset=utf-8" />
  <meta name='ocr-system' content='tesseract 3.04.00' />
  <meta name='ocr-capabilities' content='ocr_page ocr_carea ocr_par ocr_line ocrx_word'/>
</head>
<body>
  <div class='ocr_page' id='page_1' title='image "./noctesmaniliana00elligoog/noctesmaniliana00elligoog_0171.png"; bbox 0 0 2760 4448; ppageno 0'>
   <div class='ocr_carea' id='block_1_1' title="bbox 253 256 985 351">
    <p class='ocr_par' dir='ltr' id='par_1_1' title="bbox 253 256 985 351">
     <span class='ocr_line' id='line_1_1' title="bbox 253 256 985 351; baseline -0.003 -20"><span class='ocrx_word' id='word_1_1' title='bbox 253 279 314 351; x_wconf 82' lang='lat'>150</span> <span class='ocrx_word' id='word_1_2' title='bbox 380 256 384 273; x_wconf 85' lang='lat'><em>&#39;</em></span> <span class='ocrx_word' id='word_1_3' title='bbox 565 279 715 330; x_wconf 77' lang='lat' dir='ltr'>naeres</span> <span class='ocrx_word' id='word_1_4' title='bbox 735 278 985 330; x_wconf 72' lang='lat' dir='ltr'>Mnnrerunne</span> 
     </span>
    </p>
   </div>
   <div class='ocr_carea' id='block_1_2' title="bbox 293 438 928 514">
    <p class='ocr_par' dir='ltr' id='par_1_2' title="bbox 293 438 928 514">
     <span class='ocr_line' id='line_1_2' title="bbox 293 438 928 514; baseline -0.003 -15"><span class='ocrx_word' id='word_1_5' title='bbox 293 438 347 499; x_wconf 81' lang='lat' dir='ltr'>IV.</span> <span class='ocrx_word' id='word_1_6' title='bbox 363 440 432 514; x_wconf 87' lang='grc'><strong>787,</strong></span> <span class='ocrx_word' id='word_1_7' title='bbox 450 440 507 512; x_wconf 91' lang='grc'>788</span> <span class='ocrx_word' id='word_1_8' title='bbox 523 439 564 498; x_wconf 90' lang='lat' dir='ltr'>sic</span> <span class='ocrx_word' id='word_1_9' title='bbox 578 439 671 498; x_wconf 85' lang='lat' dir='ltr'>traditi</span> <span class='ocrx_word' id='word_1_10' title='bbox 686 448 752 498; x_wconf 91' lang='lat' dir='ltr'>sunt</span> <span class='ocrx_word' id='word_1_11' title='bbox 766 439 796 497; x_wconf 93' lang='lat' dir='ltr'>in</span> <span class='ocrx_word' id='word_1_12' title='bbox 811 438 928 498; x_wconf 89' lang='lat' dir='ltr'>Gembl.</span> 
     </span>
    </p>
   </div>
   <div class='ocr_carea' id='block_1_3' title="bbox 373 553 1155 730">
    <p class='ocr_par' dir='ltr' id='par_1_3' title="bbox 373 553 1155 730">
     <span class='ocr_line' id='line_1_3' title="bbox 373 553 1136 615; baseline 0 -2"><span class='ocrx_word' id='word_1_13' title='bbox 373 554 472 613; x_wconf 84' lang='lat' dir='ltr'><strong>Insula</strong></span> <span class='ocrx_word' id='word_1_14' title='bbox 493 553 663 613; x_wconf 85' lang='lat' dir='ltr'>Trinacriae</span> <span class='ocrx_word' id='word_1_15' title='bbox 684 554 845 613; x_wconf 86' lang='lat' dir='ltr'>fluitantem</span> <span class='ocrx_word' id='word_1_16' title='bbox 866 555 904 613; x_wconf 98' lang='lat' dir='ltr'>ad</span> <span class='ocrx_word' id='word_1_17' title='bbox 924 554 985 613; x_wconf 92' lang='lat' dir='ltr'>iura</span> <span class='ocrx_word' id='word_1_18' title='bbox 1006 571 1136 615; x_wconf 88' lang='lat' dir='ltr'>sororem</span> 
     </span>
     <span class='ocr_line' id='line_1_4' title="bbox 373 653 1155 730; baseline -0.001 -18"><span class='ocrx_word' id='word_1_19' title='bbox 373 653 563 729; x_wconf 88' lang='lat' dir='ltr'>Subsequitur</span> <span class='ocrx_word' id='word_1_20' title='bbox 584 672 701 712; x_wconf 89' lang='lat' dir='ltr'>cremen</span> <span class='ocrx_word' id='word_1_21' title='bbox 721 654 776 712; x_wconf 90' lang='lat' dir='ltr'>sub</span> <span class='ocrx_word' id='word_1_22' title='bbox 796 653 902 713; x_wconf 93' lang='lat' dir='ltr'>eodem</span> <span class='ocrx_word' id='word_1_23' title='bbox 923 654 1042 713; x_wconf 89' lang='lat' dir='ltr'>condita</span> <span class='ocrx_word' id='word_1_24' title='bbox 1062 655 1155 730; x_wconf 88' lang='lat' dir='ltr'>signo.</span> 
     </span>
    </p>
   </div>
   <div class='ocr_carea' id='block_1_4' title="bbox 250 765 1307 1828">
    <p class='ocr_par' dir='ltr' id='par_1_4' title="bbox 250 765 1307 1732">
     <span class='ocr_line' id='line_1_5' title="bbox 292 765 1302 846; baseline -0.002 -18"><span class='ocrx_word' id='word_1_25' title='bbox 292 773 350 846; x_wconf 94' lang='grc'>787</span> <span class='ocrx_word' id='word_1_26' title='bbox 372 769 470 828; x_wconf 89' lang='lat' dir='ltr'>adiuta</span> <span class='ocrx_word' id='word_1_27' title='bbox 484 788 499 826; x_wconf 90' lang='lat' dir='ltr'>o</span> <span class='ocrx_word' id='word_1_28' title='bbox 513 768 537 826; x_wconf 86' lang='lat' dir='ltr'>b.</span> <span class='ocrx_word' id='word_1_29' title='bbox 569 770 626 843; x_wconf 93' lang='grc'>788</span> <span class='ocrx_word' id='word_1_30' title='bbox 643 779 741 828; x_wconf 89' lang='lat' dir='ltr'>creten</span> <span class='ocrx_word' id='word_1_31' title='bbox 755 788 770 828; x_wconf 89' lang='lat' dir='ltr'>o</span> <span class='ocrx_word' id='word_1_32' title='bbox 784 770 800 829; x_wconf 85' lang='lat' dir='ltr'>b</span> <span class='ocrx_word' id='word_1_33' title='bbox 828 780 962 829; x_wconf 87' lang='lat' dir='ltr'>crentens</span> <span class='ocrx_word' id='word_1_34' title='bbox 983 768 1070 827; x_wconf 69' lang='lat' dir='ltr'>Voss.²</span> <span class='ocrx_word' id='word_1_35' title='bbox 1083 778 1196 827; x_wconf 87' lang='lat' dir='ltr'>cretens</span> <span class='ocrx_word' id='word_1_36' title='bbox 1215 765 1302 828; x_wconf 78' lang='lat' dir='ltr'>Voss.¹</span> 
     </span>
     <span class='ocr_line' id='line_1_6' title="bbox 254 866 1304 944; baseline -0.003 -17"><span class='ocrx_word' id='word_1_37' title='bbox 254 869 323 928; x_wconf 87' lang='lat' dir='ltr'>Cas.</span> <span class='ocrx_word' id='word_1_38' title='bbox 364 868 410 926; x_wconf 85' lang='lat' dir='ltr'>Ex</span> <span class='ocrx_word' id='word_1_39' title='bbox 435 869 477 925; x_wconf 86' lang='lat' dir='ltr'>ad</span> <span class='ocrx_word' id='word_1_40' title='bbox 500 869 569 925; x_wconf 84' lang='lat' dir='ltr'>iura</span> <span class='ocrx_word' id='word_1_41' title='bbox 592 868 690 927; x_wconf 80' lang='lat' dir='ltr'>adzuta</span> <span class='ocrx_word' id='word_1_42' title='bbox 718 886 831 944; x_wconf 82' lang='lat' dir='ltr'>repono</span> <span class='ocrx_word' id='word_1_43' title='bbox 859 869 982 926; x_wconf 81' lang='lat' dir='ltr'>aditura.</span> <span class='ocrx_word' id='word_1_44' title='bbox 1027 867 1123 926; x_wconf 89' lang='lat' dir='ltr'>Sicilia</span> <span class='ocrx_word' id='word_1_45' title='bbox 1150 867 1189 924; x_wconf 92' lang='lat' dir='ltr'>ab</span> <span class='ocrx_word' id='word_1_46' title='bbox 1218 866 1304 924; x_wconf 89' lang='lat' dir='ltr'>Italia</span> 
     </span>
     <span class='ocr_line' id='line_1_7' title="bbox 251 965 1303 1044; baseline -0.002 -18"><span class='ocrx_word' id='word_1_47' title='bbox 251 967 365 1026; x_wconf 88' lang='lat' dir='ltr'>diuolsa</span> <span class='ocrx_word' id='word_1_48' title='bbox 385 975 414 1026; x_wconf 88' lang='lat' dir='ltr'>et</span> <span class='ocrx_word' id='word_1_49' title='bbox 435 967 477 1024; x_wconf 92' lang='lat' dir='ltr'>sic</span> <span class='ocrx_word' id='word_1_50' title='bbox 501 965 577 1024; x_wconf 85' lang='lat' dir='ltr'>tacta</span> <span class='ocrx_word' id='word_1_51' title='bbox 597 967 691 1026; x_wconf 89' lang='lat' dir='ltr'>insula</span> <span class='ocrx_word' id='word_1_52' title='bbox 716 969 835 1044; x_wconf 91' lang='lat' dir='ltr'>propius</span> <span class='ocrx_word' id='word_1_53' title='bbox 860 968 998 1026; x_wconf 87' lang='lat' dir='ltr'>accedere</span> <span class='ocrx_word' id='word_1_54' title='bbox 1021 967 1138 1042; x_wconf 87' lang='lat' dir='ltr'>fingitur</span> <span class='ocrx_word' id='word_1_55' title='bbox 1162 966 1238 1025; x_wconf 91' lang='lat' dir='ltr'>uelle</span> <span class='ocrx_word' id='word_1_56' title='bbox 1264 966 1303 1024; x_wconf 93' lang='lat' dir='ltr'>ad</span> 
     </span>
     <span class='ocr_line' id='line_1_8' title="bbox 250 1064 1305 1141; baseline -0.002 -17"><span class='ocrx_word' id='word_1_57' title='bbox 250 1083 383 1125; x_wconf 89' lang='lat' dir='ltr'>sororem</span> <span class='ocrx_word' id='word_1_58' title='bbox 404 1065 505 1141; x_wconf 92' lang='lat' dir='ltr'>suique</span> <span class='ocrx_word' id='word_1_59' title='bbox 523 1064 646 1122; x_wconf 88' lang='lat' dir='ltr'>similem</span> <span class='ocrx_word' id='word_1_60' title='bbox 666 1065 790 1123; x_wconf 89' lang='lat' dir='ltr'>insulam</span> <span class='ocrx_word' id='word_1_61' title='bbox 806 1065 932 1125; x_wconf 89' lang='lat' dir='ltr'><strong>Creten:</strong></span> <span class='ocrx_word' id='word_1_62' title='bbox 957 1065 1014 1125; x_wconf 91' lang='lat' dir='ltr'>hoc</span> <span class='ocrx_word' id='word_1_63' title='bbox 1035 1067 1123 1137; x_wconf 89' lang='lat' dir='ltr'>enim,</span> <span class='ocrx_word' id='word_1_64' title='bbox 1145 1082 1203 1123; x_wconf 90' lang='lat' dir='ltr'>nec</span> <span class='ocrx_word' id='word_1_65' title='bbox 1224 1064 1305 1123; x_wconf 88' lang='lat' dir='ltr'>aliud</span> 
     </span>
     <span class='ocr_line' id='line_1_9' title="bbox 251 1162 1305 1241; baseline 0 -19"><span class='ocrx_word' id='word_1_66' title='bbox 251 1164 408 1241; x_wconf 89' lang='lat' dir='ltr'>quicquam</span> <span class='ocrx_word' id='word_1_67' title='bbox 426 1164 587 1240; x_wconf 82' lang='lat' dir='ltr'>fluitantem</span> <span class='ocrx_word' id='word_1_68' title='bbox 612 1163 774 1240; x_wconf 82' lang='lat' dir='ltr'>significare</span> <span class='ocrx_word' id='word_1_69' title='bbox 803 1164 934 1223; x_wconf 84' lang='lat' dir='ltr'>arbitror.</span> <span class='ocrx_word' id='word_1_70' title='bbox 977 1164 1118 1239; x_wconf 84' lang='lat' dir='ltr'>Respexit</span> <span class='ocrx_word' id='word_1_71' title='bbox 1142 1162 1260 1222; x_wconf 88' lang='lat' dir='ltr'>Lucret.</span> <span class='ocrx_word' id='word_1_72' title='bbox 1286 1163 1305 1222; x_wconf 91' lang='lat' dir='ltr'>i.</span> 
     </span>
     <span class='ocr_line' id='line_1_10' title="bbox 254 1261 1306 1339; baseline 0.002 -19"><span class='ocrx_word' id='word_1_73' title='bbox 254 1276 310 1338; x_wconf 85' lang='lat'>717</span> <span class='ocrx_word' id='word_1_74' title='bbox 326 1261 430 1319; x_wconf 85' lang='lat' dir='ltr'>Insula</span> <span class='ocrx_word' id='word_1_75' title='bbox 444 1281 527 1337; x_wconf 83' lang='lat' dir='ltr'>quam</span> <span class='ocrx_word' id='word_1_76' title='bbox 541 1263 685 1337; x_wconf 79' lang='lat' dir='ltr'>triquetris</span> <span class='ocrx_word' id='word_1_77' title='bbox 698 1268 841 1320; x_wconf 85' lang='lat' dir='ltr'>terrarum</span> <span class='ocrx_word' id='word_1_78' title='bbox 852 1265 942 1339; x_wconf 78' lang='lat' dir='ltr'>gessit</span> <span class='ocrx_word' id='word_1_79' title='bbox 953 1264 983 1320; x_wconf 87' lang='lat' dir='ltr'>r&#39;n</span> <span class='ocrx_word' id='word_1_80' title='bbox 996 1264 1055 1320; x_wconf 76' lang='lat' dir='ltr'>ores</span> <span class='ocrx_word' id='word_1_81' title='bbox 1079 1261 1170 1333; x_wconf 82' lang='lat' dir='ltr'>Quam</span> <span class='ocrx_word' id='word_1_82' title='bbox 1176 1263 1306 1339; x_wconf 75' lang='lat' dir='ltr'>fluitans</span> 
     </span>
     <span class='ocr_line' id='line_1_11' title="bbox 251 1358 1306 1438; baseline 0.001 -20"><span class='ocrx_word' id='word_1_83' title='bbox 251 1362 357 1418; x_wconf 82' lang='lat' dir='ltr'>cz&#39;rcurn</span> <span class='ocrx_word' id='word_1_84' title='bbox 376 1361 489 1435; x_wconf 76' lang='lat' dir='ltr'>magnis</span> <span class='ocrx_word' id='word_1_85' title='bbox 508 1358 687 1438; x_wconf 69' lang='lat' dir='ltr'>arffractr&#39;bus</span> <span class='ocrx_word' id='word_1_86' title='bbox 702 1380 805 1436; x_wconf 86' lang='lat' dir='ltr'>aequor</span> <span class='ocrx_word' id='word_1_87' title='bbox 818 1360 931 1419; x_wconf 81' lang='lat' dir='ltr'>Ionium</span> <span class='ocrx_word' id='word_1_88' title='bbox 942 1362 1056 1438; x_wconf 73' lang='lat' dir='ltr'>glauces</span> <span class='ocrx_word' id='word_1_89' title='bbox 1074 1362 1207 1436; x_wconf 74' lang='lat' dir='ltr'>aspargit</span> <span class='ocrx_word' id='word_1_90' title='bbox 1221 1363 1306 1419; x_wconf 84' lang='lat' dir='ltr'>uirus</span> 
     </span>
     <span class='ocr_line' id='line_1_12' title="bbox 251 1458 1307 1535; baseline 0.001 -18"><span class='ocrx_word' id='word_1_91' title='bbox 251 1461 287 1517; x_wconf 87' lang='lat' dir='ltr'>ab</span> <span class='ocrx_word' id='word_1_92' title='bbox 311 1460 396 1517; x_wconf 71' lang='lat' dir='ltr'>undas</span> <span class='ocrx_word' id='word_1_93' title='bbox 415 1458 598 1533; x_wconf 80' lang='lat' dir='ltr'>Angustaque</span> <span class='ocrx_word' id='word_1_94' title='bbox 607 1460 695 1535; x_wconf 85' lang='lat' dir='ltr'>fretu</span> <span class='ocrx_word' id='word_1_95' title='bbox 714 1460 847 1535; x_wconf 78' lang='lat' dir='ltr'>rapra&#39;um</span> <span class='ocrx_word' id='word_1_96' title='bbox 869 1479 947 1517; x_wconf 83' lang='lat' dir='ltr'>mare</span> <span class='ocrx_word' id='word_1_97' title='bbox 968 1461 1071 1517; x_wconf 77' lang='lat' dir='ltr'>druulit</span> <span class='ocrx_word' id='word_1_98' title='bbox 1093 1460 1179 1517; x_wconf 77' lang='lat' dir='ltr'>andes</span> <span class='ocrx_word' id='word_1_99' title='bbox 1200 1458 1307 1518; x_wconf 77' lang='lat' dir='ltr'>Italrae</span> 
     </span>
     <span class='ocr_line' id='line_1_13' title="bbox 250 1555 1307 1632; baseline 0 -16"><span class='ocrx_word' id='word_1_100' title='bbox 250 1565 396 1617; x_wconf 85' lang='lat' dir='ltr'>terrarum</span> <span class='ocrx_word' id='word_1_101' title='bbox 413 1576 480 1614; x_wconf 84' lang='lat' dir='ltr'>oras</span> <span class='ocrx_word' id='word_1_102' title='bbox 494 1576 512 1614; x_wconf 92' lang='lat' dir='ltr'>a</span> <span class='ocrx_word' id='word_1_103' title='bbox 518 1556 630 1632; x_wconf 81' lang='lat' dir='ltr'>finibus</span> <span class='ocrx_word' id='word_1_104' title='bbox 643 1559 709 1614; x_wconf 82' lang='lat' dir='ltr'>erus.</span> <span class='ocrx_word' id='word_1_105' title='bbox 755 1555 853 1616; x_wconf 83' lang='lat' dir='ltr'>Creten</span> <span class='ocrx_word' id='word_1_106' title='bbox 867 1557 898 1615; x_wconf 91' lang='lat' dir='ltr'>in</span> <span class='ocrx_word' id='word_1_107' title='bbox 914 1557 1050 1629; x_wconf 84' lang='lat' dir='ltr'>Crentem,</span> <span class='ocrx_word' id='word_1_108' title='bbox 1065 1557 1122 1616; x_wconf 94' lang='lat' dir='ltr'>hoc</span> <span class='ocrx_word' id='word_1_109' title='bbox 1137 1557 1168 1615; x_wconf 93' lang='lat' dir='ltr'>in</span> <span class='ocrx_word' id='word_1_110' title='bbox 1185 1557 1307 1617; x_wconf 83' lang='lat' dir='ltr'>Cremen</span> 
     </span>
     <span class='ocr_line' id='line_1_14' title="bbox 253 1653 645 1732; baseline -0.005 -18"><span class='ocrx_word' id='word_1_111' title='bbox 253 1656 444 1732; x_wconf 89' lang='lat' dir='ltr'>deprauatum</span> <span class='ocrx_word' id='word_1_112' title='bbox 459 1653 579 1713; x_wconf 88' lang='lat' dir='ltr'>fortasse</span> <span class='ocrx_word' id='word_1_113' title='bbox 594 1664 645 1714; x_wconf 85' lang='lat' dir='ltr'>cst.</span> 
     </span>
    </p>

    <p class='ocr_par' dir='ltr' id='par_1_5' title="bbox 293 1752 852 1828">
     <span class='ocr_line' id='line_1_15' title="bbox 293 1752 852 1828; baseline 0.005 -17"><span class='ocrx_word' id='word_1_114' title='bbox 293 1753 346 1812; x_wconf 87' lang='lat' dir='ltr'>IV.</span> <span class='ocrx_word' id='word_1_115' title='bbox 363 1755 503 1828; x_wconf 83' lang='lat'><strong>794-796</strong></span> <span class='ocrx_word' id='word_1_116' title='bbox 523 1752 565 1811; x_wconf 88' lang='lat' dir='ltr'>sic</span> <span class='ocrx_word' id='word_1_117' title='bbox 579 1762 678 1811; x_wconf 85' lang='lat' dir='ltr'>extant</span> <span class='ocrx_word' id='word_1_118' title='bbox 692 1755 723 1813; x_wconf 94' lang='lat' dir='ltr'>in</span> <span class='ocrx_word' id='word_1_119' title='bbox 737 1753 852 1814; x_wconf 87' lang='lat' dir='ltr'>Gembl.</span> 
     </span>
    </p>
   </div>
   <div class='ocr_carea' id='block_1_5' title="bbox 374 1868 1157 2143">
    <p class='ocr_par' dir='ltr' id='par_1_6' title="bbox 374 1868 1157 2143">
     <span class='ocr_line' id='line_1_16' title="bbox 374 1868 1157 1947; baseline 0 -19"><span class='ocrx_word' id='word_1_120' title='bbox 374 1868 479 1946; x_wconf 89' lang='lat' dir='ltr'>Teque</span> <span class='ocrx_word' id='word_1_121' title='bbox 501 1868 569 1928; x_wconf 83' lang='lat' dir='ltr'>feris</span> <span class='ocrx_word' id='word_1_122' title='bbox 590 1870 710 1946; x_wconf 86' lang='lat' dir='ltr'>dignam</span> <span class='ocrx_word' id='word_1_123' title='bbox 730 1879 843 1928; x_wconf 88' lang='lat' dir='ltr'>tantum</span> <span class='ocrx_word' id='word_1_124' title='bbox 864 1870 1014 1947; x_wconf 83' lang='lat' dir='ltr'>germania</span> <span class='ocrx_word' id='word_1_125' title='bbox 1033 1879 1157 1928; x_wconf 88' lang='lat' dir='ltr'>matrem</span> 
     </span>
     <span class='ocr_line' id='line_1_17' title="bbox 375 1967 1116 2045; baseline 0.003 -19"><span class='ocrx_word' id='word_1_126' title='bbox 375 1967 487 2026; x_wconf 91' lang='lat' dir='ltr'>Asserit</span> <span class='ocrx_word' id='word_1_127' title='bbox 508 1968 677 2044; x_wconf 86' lang='lat' dir='ltr'>ambiguum</span> <span class='ocrx_word' id='word_1_128' title='bbox 699 1968 778 2027; x_wconf 92' lang='lat' dir='ltr'>sidus</span> <span class='ocrx_word' id='word_1_129' title='bbox 798 1977 949 2044; x_wconf 86' lang='lat' dir='ltr'>terraeque</span> <span class='ocrx_word' id='word_1_130' title='bbox 970 1968 1116 2045; x_wconf 89' lang='lat' dir='ltr'>marisque</span> 
     </span>
     <span class='ocr_line' id='line_1_18' title="bbox 376 2065 1127 2143; baseline 0.001 -19"><span class='ocrx_word' id='word_1_131' title='bbox 376 2066 495 2124; x_wconf 89' lang='lat' dir='ltr'>Letibus</span> <span class='ocrx_word' id='word_1_132' title='bbox 516 2065 637 2124; x_wconf 89' lang='lat' dir='ltr'>assiduis</span> <span class='ocrx_word' id='word_1_133' title='bbox 658 2074 780 2142; x_wconf 92' lang='lat' dir='ltr'>pontum</span> <span class='ocrx_word' id='word_1_134' title='bbox 801 2076 950 2143; x_wconf 89' lang='lat' dir='ltr'>terrasque</span> <span class='ocrx_word' id='word_1_135' title='bbox 971 2076 1127 2125; x_wconf 88' lang='lat' dir='ltr'>tenentem.</span> 
     </span>
    </p>
   </div>
   <div class='ocr_carea' id='block_1_6' title="bbox 247 2178 1306 3534">
    <p class='ocr_par' dir='ltr' id='par_1_7' title="bbox 252 2178 1305 2341">
     <span class='ocr_line' id='line_1_19' title="bbox 296 2178 1305 2259; baseline 0 -19"><span class='ocrx_word' id='word_1_136' title='bbox 296 2186 353 2257; x_wconf 86' lang='lat'>796</span> <span class='ocrx_word' id='word_1_137' title='bbox 374 2181 493 2239; x_wconf 81' lang='lat' dir='ltr'>Estr‘bus</span> <span class='ocrx_word' id='word_1_138' title='bbox 514 2178 615 2239; x_wconf 82' lang='lat' dir='ltr'>Voss.²</span> <span class='ocrx_word' id='word_1_139' title='bbox 636 2181 681 2239; x_wconf 86' lang='lat' dir='ltr'>bo</span> <span class='ocrx_word' id='word_1_140' title='bbox 701 2181 808 2240; x_wconf 79' lang='lat' dir='ltr'>astibus</span> <span class='ocrx_word' id='word_1_141' title='bbox 827 2180 908 2259; x_wconf 90' lang='lat' dir='ltr'>Lips.</span> <span class='ocrx_word' id='word_1_142' title='bbox 930 2192 1002 2241; x_wconf 90' lang='lat' dir='ltr'>teste</span> <span class='ocrx_word' id='word_1_143' title='bbox 1023 2181 1143 2241; x_wconf 79' lang='lat' dir='ltr'>Iacobo.</span> <span class='ocrx_word' id='word_1_144' title='bbox 1188 2182 1305 2241; x_wconf 78' lang='lat' dir='ltr'>Letibus</span> 
     </span>
     <span class='ocr_line' id='line_1_20' title="bbox 252 2277 683 2341; baseline -0.007 -1"><span class='ocrx_word' id='word_1_145' title='bbox 252 2282 342 2341; x_wconf 88' lang='lat' dir='ltr'>etiam</span> <span class='ocrx_word' id='word_1_146' title='bbox 357 2279 426 2339; x_wconf 90' lang='lat' dir='ltr'>Cus.</span> <span class='ocrx_word' id='word_1_147' title='bbox 459 2278 571 2338; x_wconf 84' lang='lat' dir='ltr'>Cetz&#39;bus</span> <span class='ocrx_word' id='word_1_148' title='bbox 585 2277 683 2337; x_wconf 85' lang='lat' dir='ltr'>Voss.¹</span> 
     </span>
    </p>

    <p class='ocr_par' dir='ltr' id='par_1_8' title="bbox 247 2375 1306 3534">
     <span class='ocr_line' id='line_1_21' title="bbox 294 2375 1305 2455; baseline 0.001 -20"><span class='ocrx_word' id='word_1_149' title='bbox 294 2379 406 2437; x_wconf 88' lang='lat' dir='ltr'>Verum</span> <span class='ocrx_word' id='word_1_150' title='bbox 425 2377 572 2436; x_wconf 92' lang='lat' dir='ltr'>nonnullis</span> <span class='ocrx_word' id='word_1_151' title='bbox 591 2386 688 2453; x_wconf 89' lang='lat' dir='ltr'>potest</span> <span class='ocrx_word' id='word_1_152' title='bbox 707 2377 798 2436; x_wconf 89' lang='lat' dir='ltr'>uideri</span> <span class='ocrx_word' id='word_1_153' title='bbox 816 2377 845 2436; x_wconf 94' lang='lat' dir='ltr'>id</span> <span class='ocrx_word' id='word_1_154' title='bbox 862 2378 941 2455; x_wconf 92' lang='lat' dir='ltr'>quod</span> <span class='ocrx_word' id='word_1_155' title='bbox 961 2379 1051 2438; x_wconf 91' lang='lat' dir='ltr'>estin</span> <span class='ocrx_word' id='word_1_156' title='bbox 1066 2375 1165 2438; x_wconf 90' lang='lat' dir='ltr'>Voss.¹</span> <span class='ocrx_word' id='word_1_157' title='bbox 1184 2378 1305 2438; x_wconf 86' lang='lat' dir='ltr'>Cetibus.</span> 
     </span>
     <span class='ocr_line' id='line_1_22' title="bbox 254 2475 1304 2553; baseline -0.001 -16"><span class='ocrx_word' id='word_1_158' title='bbox 254 2478 408 2538; x_wconf 89' lang='lat' dir='ltr'>Oceanum</span> <span class='ocrx_word' id='word_1_159' title='bbox 432 2475 687 2553; x_wconf 90' lang='lat' dir='ltr'>septentrionalem</span> <span class='ocrx_word' id='word_1_160' title='bbox 711 2477 858 2536; x_wconf 90' lang='lat' dir='ltr'>abundare</span> <span class='ocrx_word' id='word_1_161' title='bbox 883 2478 1020 2536; x_wconf 87' lang='lat' dir='ltr'>monstris</span> <span class='ocrx_word' id='word_1_162' title='bbox 1044 2478 1126 2536; x_wconf 90' lang='lat' dir='ltr'>multi</span> <span class='ocrx_word' id='word_1_163' title='bbox 1154 2487 1304 2536; x_wconf 88' lang='lat' dir='ltr'>testantur.</span> 
     </span>
     <span class='ocr_line' id='line_1_23' title="bbox 254 2573 1304 2652; baseline 0 -18"><span class='ocrx_word' id='word_1_164' title='bbox 254 2575 335 2634; x_wconf 92' lang='lat' dir='ltr'>Pedo</span> <span class='ocrx_word' id='word_1_165' title='bbox 356 2573 558 2633; x_wconf 87' lang='lat' dir='ltr'>Albinouanus</span> <span class='ocrx_word' id='word_1_166' title='bbox 579 2593 625 2651; x_wconf 89' lang='lat' dir='ltr'>ap.</span> <span class='ocrx_word' id='word_1_167' title='bbox 649 2574 750 2633; x_wconf 92' lang='lat' dir='ltr'>Senec.</span> <span class='ocrx_word' id='word_1_168' title='bbox 773 2574 855 2633; x_wconf 83' lang='lat' dir='ltr'>Suas</span> <span class='ocrx_word' id='word_1_169' title='bbox 870 2576 887 2634; x_wconf 94' lang='lat' dir='ltr'>i.</span> <span class='ocrx_word' id='word_1_170' title='bbox 903 2594 932 2652; x_wconf 89' lang='lat' dir='ltr'>p.</span> <span class='ocrx_word' id='word_1_171' title='bbox 948 2579 966 2634; x_wconf 90' lang='lat'>8</span> <span class='ocrx_word' id='word_1_172' title='bbox 982 2575 1106 2635; x_wconf 91' lang='lat' dir='ltr'>Bursian</span> <span class='ocrx_word' id='word_1_173' title='bbox 1120 2577 1210 2635; x_wconf 88' lang='lat' dir='ltr'>Hunc</span> <span class='ocrx_word' id='word_1_174' title='bbox 1224 2578 1304 2634; x_wconf 82' lang='lat' dir='ltr'>illum</span> 
     </span>
     <span class='ocr_line' id='line_1_24' title="bbox 247 2673 1305 2752; baseline 0.002 -22"><span class='ocrx_word' id='word_1_175' title='bbox 247 2675 348 2750; x_wconf 59' lang='lat' dir='ltr'>ngrz&#39;s</span> <span class='ocrx_word' id='word_1_176' title='bbox 366 2674 502 2731; x_wconf 84' lang='lat' dir='ltr'>z&#39;rnmanr&#39;a</span> <span class='ocrx_word' id='word_1_177' title='bbox 517 2681 640 2731; x_wconf 87' lang='lat' dir='ltr'>monstra</span> <span class='ocrx_word' id='word_1_178' title='bbox 653 2673 704 2733; x_wconf 87' lang='lat' dir='ltr'>sub</span> <span class='ocrx_word' id='word_1_179' title='bbox 719 2675 802 2731; x_wconf 72' lang='lat' dir='ltr'>undas</span> <span class='ocrx_word' id='word_1_180' title='bbox 818 2673 967 2752; x_wconf 81' lang='lat' dir='ltr'>Que&#39;serat</span> <span class='ocrx_word' id='word_1_181' title='bbox 981 2673 1128 2746; x_wconf 90' lang='lat' dir='ltr'>Oceanum,</span> <span class='ocrx_word' id='word_1_182' title='bbox 1142 2676 1305 2750; x_wconf 82' lang='lat' dir='ltr'>qur&#39;saeuas</span> 
     </span>
     <span class='ocr_line' id='line_1_25' title="bbox 253 2767 1305 2847; baseline 0.001 -21"><span class='ocrx_word' id='word_1_183' title='bbox 253 2769 487 2844; x_wconf 79' lang='lat' dir='ltr'>undr&#39;queprrstrs,</span> <span class='ocrx_word' id='word_1_184' title='bbox 497 2767 702 2844; x_wconf 82' lang='lat' dir='ltr'>Aequoreosque</span> <span class='ocrx_word' id='word_1_185' title='bbox 710 2788 790 2826; x_wconf 83' lang='lat' dir='ltr'>cauus</span> <span class='ocrx_word' id='word_1_186' title='bbox 799 2769 908 2828; x_wconf 78' lang='lat' dir='ltr'>ratibus</span> <span class='ocrx_word' id='word_1_187' title='bbox 916 2789 1082 2846; x_wconf 85' lang='lat' dir='ltr'>consurgere</span> <span class='ocrx_word' id='word_1_188' title='bbox 1085 2771 1210 2847; x_wconf 80' lang='lat' dir='ltr'>prensis.</span> <span class='ocrx_word' id='word_1_189' title='bbox 1237 2768 1305 2828; x_wconf 86' lang='lat' dir='ltr'>Scio</span> 
     </span>
     <span class='ocr_line' id='line_1_26' title="bbox 253 2866 1305 2944; baseline 0.002 -20"><span class='ocrx_word' id='word_1_190' title='bbox 253 2866 355 2925; x_wconf 84' lang='lat' dir='ltr'>cetr&#39;bus</span> <span class='ocrx_word' id='word_1_191' title='bbox 370 2885 429 2925; x_wconf 94' lang='lat' dir='ltr'>non</span> <span class='ocrx_word' id='word_1_192' title='bbox 444 2867 597 2942; x_wconf 88' lang='lat' dir='ltr'>prouenire</span> <span class='ocrx_word' id='word_1_193' title='bbox 611 2866 741 2924; x_wconf 89' lang='lat' dir='ltr'>datiuum</span> <span class='ocrx_word' id='word_1_194' title='bbox 749 2867 795 2925; x_wconf 92' lang='lat' dir='ltr'>uel</span> <span class='ocrx_word' id='word_1_195' title='bbox 806 2867 964 2926; x_wconf 88' lang='lat' dir='ltr'>ablatiuum</span> <span class='ocrx_word' id='word_1_196' title='bbox 974 2887 1027 2944; x_wconf 93' lang='lat' dir='ltr'>pro</span> <span class='ocrx_word' id='word_1_197' title='bbox 1036 2871 1100 2925; x_wconf 83' lang='lat' dir='ltr'>cetis</span> <span class='ocrx_word' id='word_1_198' title='bbox 1108 2889 1118 2925; x_wconf 94' lang='lat'>.·</span> <span class='ocrx_word' id='word_1_199' title='bbox 1139 2867 1191 2926; x_wconf 93' lang='lat' dir='ltr'>sed</span> <span class='ocrx_word' id='word_1_200' title='bbox 1204 2867 1248 2926; x_wconf 91' lang='lat' dir='ltr'>sic</span> <span class='ocrx_word' id='word_1_201' title='bbox 1263 2868 1305 2926; x_wconf 90' lang='lat' dir='ltr'>in-</span> 
     </span>
     <span class='ocr_line' id='line_1_27' title="bbox 255 2964 1305 3041; baseline 0 -18"><span class='ocrx_word' id='word_1_202' title='bbox 255 2964 333 3023; x_wconf 88' lang='lat' dir='ltr'>flecti</span> <span class='ocrx_word' id='word_1_203' title='bbox 347 2964 477 3040; x_wconf 91' lang='lat' dir='ltr'>potuisse</span> <span class='ocrx_word' id='word_1_204' title='bbox 492 2984 509 3022; x_wconf 92' lang='lat' dir='ltr'>a</span> <span class='ocrx_word' id='word_1_205' title='bbox 524 2964 645 3023; x_wconf 91' lang='lat' dir='ltr'>Manilio</span> <span class='ocrx_word' id='word_1_206' title='bbox 663 2983 723 3024; x_wconf 93' lang='lat' dir='ltr'>non</span> <span class='ocrx_word' id='word_1_207' title='bbox 739 2965 912 3037; x_wconf 90' lang='lat' dir='ltr'>infitiabitur,</span> <span class='ocrx_word' id='word_1_208' title='bbox 928 2965 978 3041; x_wconf 93' lang='lat' dir='ltr'>qui</span> <span class='ocrx_word' id='word_1_209' title='bbox 991 2984 1073 3023; x_wconf 89' lang='lat' dir='ltr'>sucus</span> <span class='ocrx_word' id='word_1_210' title='bbox 1087 2965 1142 3023; x_wconf 86' lang='lat'>111.</span> <span class='ocrx_word' id='word_1_211' title='bbox 1161 2984 1228 3037; x_wconf 86' lang='lat'>144,</span> <span class='ocrx_word' id='word_1_212' title='bbox 1244 2984 1305 3024; x_wconf 93' lang='lat' dir='ltr'>non</span> 
     </span>
     <span class='ocr_line' id='line_1_28' title="bbox 252 3063 1304 3139; baseline 0 -17"><span class='ocrx_word' id='word_1_213' title='bbox 252 3083 340 3135; x_wconf 86' lang='lat' dir='ltr'>sucos,</span> <span class='ocrx_word' id='word_1_214' title='bbox 347 3064 479 3139; x_wconf 78' lang='lat' dir='ltr'>gigantes</span> <span class='ocrx_word' id='word_1_215' title='bbox 488 3081 547 3121; x_wconf 94' lang='lat' dir='ltr'>non</span> <span class='ocrx_word' id='word_1_216' title='bbox 554 3065 691 3139; x_wconf 60' lang='lat' dir='ltr'>gegantas</span> <span class='ocrx_word' id='word_1_217' title='bbox 700 3064 723 3121; x_wconf 92' lang='grc' dir='ltr'>Ι.</span> <span class='ocrx_word' id='word_1_218' title='bbox 734 3082 802 3134; x_wconf 84' lang='lat'>421,</span> <span class='ocrx_word' id='word_1_219' title='bbox 812 3063 923 3121; x_wconf 85' lang='lat' dir='ltr'>Arabes</span> <span class='ocrx_word' id='word_1_220' title='bbox 932 3063 984 3122; x_wconf 89' lang='lat' dir='ltr'>IV.</span> <span class='ocrx_word' id='word_1_221' title='bbox 996 3077 1063 3138; x_wconf 84' lang='lat'><strong>754,</strong></span> <span class='ocrx_word' id='word_1_222' title='bbox 1074 3083 1134 3124; x_wconf 93' lang='lat' dir='ltr'>non</span> <span class='ocrx_word' id='word_1_223' title='bbox 1145 3064 1274 3136; x_wconf 85' lang='lat' dir='ltr'>Arabas,</span> <span class='ocrx_word' id='word_1_224' title='bbox 1286 3083 1304 3122; x_wconf 96' lang='lat' dir='ltr'>a</span> 
     </span>
     <span class='ocr_line' id='line_1_29' title="bbox 255 3160 1306 3240; baseline 0 -20"><span class='ocrx_word' id='word_1_225' title='bbox 255 3161 378 3220; x_wconf 91' lang='lat' dir='ltr'>Manilio</span> <span class='ocrx_word' id='word_1_226' title='bbox 393 3170 537 3237; x_wconf 88' lang='lat' dir='ltr'>usurpata,</span> <span class='ocrx_word' id='word_1_227' title='bbox 550 3163 574 3219; x_wconf 90' lang='lat' dir='ltr'>si</span> <span class='ocrx_word' id='word_1_228' title='bbox 589 3162 679 3221; x_wconf 92' lang='lat' dir='ltr'>modo</span> <span class='ocrx_word' id='word_1_229' title='bbox 690 3162 837 3220; x_wconf 88' lang='lat' dir='ltr'>codicibus</span> <span class='ocrx_word' id='word_1_230' title='bbox 847 3161 919 3220; x_wconf 89' lang='lat' dir='ltr'>fides</span> <span class='ocrx_word' id='word_1_231' title='bbox 930 3171 981 3232; x_wconf 88' lang='lat' dir='ltr'>est,</span> <span class='ocrx_word' id='word_1_232' title='bbox 990 3163 1152 3222; x_wconf 90' lang='lat' dir='ltr'>meminerit</span> <span class='ocrx_word' id='word_1_233' title='bbox 1164 3160 1306 3240; x_wconf 92' lang='lat' dir='ltr'>(Kramer</span> 
     </span>
     <span class='ocr_line' id='line_1_30' title="bbox 255 3255 1306 3339; baseline 0.003 -22"><span class='ocrx_word' id='word_1_234' title='bbox 255 3260 291 3317; x_wconf 91' lang='lat' dir='ltr'>de</span> <span class='ocrx_word' id='word_1_235' title='bbox 313 3258 425 3316; x_wconf 87' lang='lat' dir='ltr'>Manilii</span> <span class='ocrx_word' id='word_1_236' title='bbox 444 3259 608 3318; x_wconf 90' lang='lat' dir='ltr'>elocutione</span> <span class='ocrx_word' id='word_1_237' title='bbox 629 3279 657 3336; x_wconf 91' lang='lat' dir='ltr'>p.</span> <span class='ocrx_word' id='word_1_238' title='bbox 674 3255 734 3339; x_wconf 88' lang='lat'><strong>28).</strong></span> <span class='ocrx_word' id='word_1_239' title='bbox 776 3258 856 3330; x_wconf 91' lang='lat' dir='ltr'>Quid</span> <span class='ocrx_word' id='word_1_240' title='bbox 870 3261 950 3337; x_wconf 93' lang='lat' dir='ltr'>quod</span> <span class='ocrx_word' id='word_1_241' title='bbox 968 3261 1008 3319; x_wconf 90' lang='lat' dir='ltr'>sic</span> <span class='ocrx_word' id='word_1_242' title='bbox 1024 3261 1149 3338; x_wconf 92' lang='lat' dir='ltr'>denique</span> <span class='ocrx_word' id='word_1_243' title='bbox 1171 3262 1306 3321; x_wconf 88' lang='lat' dir='ltr'>sublucet</span> 
     </span>
     <span class='ocr_line' id='line_1_31' title="bbox 255 3356 1306 3434; baseline 0.004 -18"><span class='ocrx_word' id='word_1_244' title='bbox 255 3375 344 3416; x_wconf 90' lang='lat' dir='ltr'>causa</span> <span class='ocrx_word' id='word_1_245' title='bbox 358 3375 408 3415; x_wconf 92' lang='lat' dir='ltr'>cur</span> <span class='ocrx_word' id='word_1_246' title='bbox 425 3356 583 3415; x_wconf 90' lang='lat' dir='ltr'>Germania</span> <span class='ocrx_word' id='word_1_247' title='bbox 586 3359 668 3434; x_wconf 75' lang='lat' dir='ltr'>feris</span> <span class='ocrx_word' id='word_1_248' title='bbox 681 3367 795 3418; x_wconf 88' lang='lat' dir='ltr'>tantum</span> <span class='ocrx_word' id='word_1_249' title='bbox 816 3359 906 3433; x_wconf 88' lang='lat' dir='ltr'>digna</span> <span class='ocrx_word' id='word_1_250' title='bbox 927 3369 1019 3417; x_wconf 90' lang='lat' dir='ltr'>mater</span> <span class='ocrx_word' id='word_1_251' title='bbox 1032 3370 1162 3418; x_wconf 86' lang='lat' dir='ltr'>uocetur.</span> <span class='ocrx_word' id='word_1_252' title='bbox 1204 3359 1306 3432; x_wconf 88' lang='lat' dir='ltr'>Quam</span> 
     </span>
     <span class='ocr_line' id='line_1_32' title="bbox 255 3456 1306 3534; baseline 0.005 -21"><span class='ocrx_word' id='word_1_253' title='bbox 255 3457 334 3513; x_wconf 91' lang='lat' dir='ltr'>enim</span> <span class='ocrx_word' id='word_1_254' title='bbox 362 3456 515 3532; x_wconf 84' lang='lat' dir='ltr'>regionem</span> <span class='ocrx_word' id='word_1_255' title='bbox 543 3466 605 3515; x_wconf 87' lang='lat' dir='ltr'>cete</span> <span class='ocrx_word' id='word_1_256' title='bbox 630 3458 826 3532; x_wconf 85' lang='lat' dir='ltr'>balaenaeque</span> <span class='ocrx_word' id='word_1_257' title='bbox 854 3456 984 3534; x_wconf 85' lang='lat' dir='ltr'>aliaeque</span> <span class='ocrx_word' id='word_1_258' title='bbox 1012 3476 1063 3534; x_wconf 92' lang='lat' dir='ltr'>per</span> <span class='ocrx_word' id='word_1_259' title='bbox 1091 3458 1178 3517; x_wconf 88' lang='lat' dir='ltr'>maris</span> <span class='ocrx_word' id='word_1_260' title='bbox 1207 3471 1306 3518; x_wconf 87' lang='lat' dir='ltr'>aestus</span> 
     </span>
    </p>
   </div>
   <div class='ocr_carea' id='block_1_7' title="bbox 254 3554 1307 3710">
    <p class='ocr_par' dir='ltr' id='par_1_9' title="bbox 254 3554 1307 3710">
     <span class='ocr_line' id='line_1_33' title="bbox 257 3554 1307 3635; baseline 0.008 -25"><span class='ocrx_word' id='word_1_261' title='bbox 257 3554 390 3613; x_wconf 89' lang='lat' dir='ltr'>inuectae</span> <span class='ocrx_word' id='word_1_262' title='bbox 404 3554 507 3613; x_wconf 88' lang='lat' dir='ltr'>beluae</span> <span class='ocrx_word' id='word_1_263' title='bbox 522 3555 635 3614; x_wconf 90' lang='lat' dir='ltr'>assidue</span> <span class='ocrx_word' id='word_1_264' title='bbox 650 3555 794 3627; x_wconf 87' lang='lat' dir='ltr'>infestant,</span> <span class='ocrx_word' id='word_1_265' title='bbox 804 3574 839 3621; x_wconf 89' lang='lat' dir='ltr'>ea</span> <span class='ocrx_word' id='word_1_266' title='bbox 853 3554 971 3615; x_wconf 91' lang='lat' dir='ltr'>demum</span> <span class='ocrx_word' id='word_1_267' title='bbox 985 3556 1065 3634; x_wconf 80' lang='lat' dir='ltr'>regio</span> <span class='ocrx_word' id='word_1_268' title='bbox 1080 3556 1121 3616; x_wconf 92' lang='lat' dir='ltr'>sic</span> <span class='ocrx_word' id='word_1_269' title='bbox 1132 3558 1307 3635; x_wconf 87' lang='lat' dir='ltr'>appellanda</span> 
     </span>
     <span class='ocr_line' id='line_1_34' title="bbox 254 3661 324 3710; baseline -0.014 0"><span class='ocrx_word' id='word_1_270' title='bbox 254 3661 324 3710; x_wconf 88' lang='lat' dir='ltr'>erat.</span> 
     </span>
    </p>
   </div>
   <div class='ocr_carea' id='block_1_8' title="bbox 297 3750 1054 3930">
    <p class='ocr_par' dir='ltr' id='par_1_10' title="bbox 297 3750 1054 3930">
     <span class='ocr_line' id='line_1_35' title="bbox 297 3750 507 3827; baseline 0.01 -2"><span class='ocrx_word' id='word_1_271' title='bbox 297 3750 350 3810; x_wconf 77' lang='lat' dir='ltr'>IV·</span> <span class='ocrx_word' id='word_1_272' title='bbox 368 3764 507 3827; x_wconf 73' lang='lat' dir='ltr'>tut-799</span> 
     </span>
     <span class='ocr_line' id='line_1_36' title="bbox 379 3865 1054 3930; baseline 0.009 -6"><span class='ocrx_word' id='word_1_273' title='bbox 379 3866 436 3925; x_wconf 89' lang='lat' dir='ltr'>Sed</span> <span class='ocrx_word' id='word_1_274' title='bbox 457 3867 568 3927; x_wconf 89' lang='lat' dir='ltr'>iuuenis</span> <span class='ocrx_word' id='word_1_275' title='bbox 590 3865 668 3926; x_wconf 94' lang='lat' dir='ltr'>nudo</span> <span class='ocrx_word' id='word_1_276' title='bbox 690 3866 829 3928; x_wconf 86' lang='lat' dir='ltr'>formatus</span> <span class='ocrx_word' id='word_1_277' title='bbox 851 3869 966 3929; x_wconf 90' lang='lat' dir='ltr'>mollior</span> <span class='ocrx_word' id='word_1_278' title='bbox 987 3879 1054 3930; x_wconf 91' lang='lat' dir='ltr'>actu</span> 
     </span>
    </p>
   </div>
   <div class='ocr_carea' id='block_1_9' title="bbox 0 0 1389 4448">
    <p class='ocr_par' dir='ltr' id='par_1_11' title="bbox 0 0 1389 4448">
     <span class='ocr_line' id='line_1_37' title="bbox 0 0 1389 4448; baseline 0 0"><span class='ocrx_word' id='word_1_279' title='bbox 0 0 1389 4448; x_wconf 95' lang='lat' dir='ltr'> </span> 
     </span>
    </p>
   </div>
  </div>
 </body>
</html>
