2760 4448
667 269 719 318 Jrr
1172 268 1214 339 95

163 436 304 496 inuenire.
344 435 394 496 Sic
418 436 522 515 officere
542 437 628 496 oculei
649 441 703 498 erit
725 443 773 498 ‘to
794 437 927 498 interiere
948 438 1016 497 with
1037 438 1095 498 free
1120 438 1214 516 sight‚'

165 540 304 611 ‘prevent
324 535 403 595 clear
422 535 534 596 vision!
577 536 625 596 Sic
646 536 797 596 Lucretius
811 557 836 597 v.
855 540 913 595 888
936 537 1008 596 dixit
1021 539 1132 613 puerili
1149 557 1216 596 aeuo

153 633 275 711 florente
294 634 420 693 znuentas
436 633 530 713 Officit
550 634 652 694 ‘when
673 635 813 713 boyhood
832 635 858 695 is
878 636 908 693 in
929 635 966 694 its
986 636 1089 713 prime,
1106 634 1214 696 adoles·

163 749 253 791 cence
268 731 430 807 rittersercs!

202 828 259 888 111.
276 844 334 905 35a

285 927 429 1005 Pluraque
449 946 502 1006 per
521 930 612 1008 partis
633 930 774 1008 subrupto
795 940 927 1008 tempore
948 930 1033 1008 signa

286 1024 478 1097 Quaerentur.

201 1122 259 1181 ΙΙΙ·
275 1135 333 1198 355

286 1218 440 1281 Mensibus
460 1223 567 1300 eruptis
589 1223 685 1283 donec
707 1224 742 1285 sit
763 1224 865 1284 debilis
886 1242 988 1284 annus.

201 1315 337 1396 Vtroque
351 1319 418 1380 loco
433 1320 558 1379 sormam
575 1322 605 1380 in
619 1342 639 1380 u
652 1341 707 1399 pro
721 1323 869 1382 usitatiore
883 1322 1016 1399 subrepto,
1031 1326 1129 1401 ereptzi
1144 1344 1215 1384 con-

133 1440 136 1446 ·
162 1428 273 1477 stanter
293 1428 410 1477 seruant
431 1419 562 1480 codices:
589 1421 627 1481 de
647 1441 705 1499 qua
725 1441 756 1482 re
777 1431 842 1499 post
864 1420 1056 1481 Ritschelium
1078 1423 1116 1482 ad
1130 1423 1215 1483 Trin.

162 1515 326 1594 Prolegom.
338 1536 367 1593 p.
378 1536 451 1590 xcv„
463 1518 573 1596 Opusc.
585 1520 613 1578 ii.
624 1539 653 1597 p.
666 1535 734 1595 544,
747 1530 775 1579 et
786 1519 1006 1579 Fleckeisenum
1018 1519 1096 1580 Nou.
1107 1521 1214 1582 Annal.

161 1612 251 1673 Paed.
271 1624 300 1675 et
321 1616 424 1675 Philol.
444 1617 483 1677 lx.
504 1636 533 1695 p.
557 1634 612 1693 251
637 1637 701 1694 sqq.
722 1617 858 1678 disseruit
877 1617 987 1677 Munro
1008 1619 1046 1678 ad
1067 1618 1153 1679 Lucr.
1176 1619 1214 1679 iii.

165 1731 252 1788 1031,
267 1713 372 1773 Catuli.
386 1715 473 1774 lxviii.
489 1718 538 1789 84,
553 1717 760 1795 contenditque
774 1735 835 1776 non
850 1716 1032 1776 Frontonem
1046 1717 1146 1789 modo,
1162 1717 1214 1777 sed

163 1810 290 1872 Senecas
311 1813 398 1872 etiarn
419 1823 447 1873 et
468 1813 634 1874 Martialem
659 1815 816 1893 aliquando
842 1815 883 1875 sic
912 1815 1069 1892 scripsisse.
1125 1815 1214 1877 Locis

162 1909 201 1967 ibi
214 1908 308 1968 citatis
321 1928 414 1970 unum
433 1910 496 1988 ipse
516 1911 603 1985 addo,
618 1912 680 1972 Cic.
694 1930 749 1990 pro
764 1912 849 1972 Font.
863 1912 891 1972 ii.
906 1931 923 1988 3
938 1913 988 1972 ubi
1007 1913 1214 1992 palimpsestus

163 2004 321 2067 Vaticanus
333 2013 520 2086 surrupriztur
533 2010 641 2071 habere
655 2012 766 2070 dicitur.

201 2106 258 2166 111.
275 2121 413 2184 37ο-377
431 2108 472 2168 sic
485 2117 585 2168 extant
599 2109 630 2167 in
644 2109 761 2170 Gembl.

202 2219 263 2282 37ο
283 2205 323 2265 At
343 2206 428 2265 simul
449 2225 466 2265 e
487 2207 585 2268 medio
605 2226 747 2284 praeceps
768 2204 949 2268 descenderit
969 2208 1041 2269 orbe

283 2303 424 2364 Interiora
443 2314 545 2382 petens
566 2304 679 2366 deiecto
700 2305 803 2383 sydera
824 2323 911 2364 cursu

282 2401 322 2460 Et
342 2402 422 2461 dabit
442 2402 473 2461 in
493 2421 620 2481 pronum
641 2403 723 2463 laxas
744 2404 853 2464 effusus
875 2404 1006 2462 habenas

262 2508 267 2514 '
284 2498 340 2559 Per
360 2501 480 2559 totidem
501 2519 617 2561 menses
637 2501 738 2579 iunget
758 2520 819 2560 nox
840 2521 900 2560 una
921 2501 1046 2560 tenebris

282 2596 399 2658 Venice
419 2599 475 2657 sub
495 2599 566 2658 caeli
587 2618 657 2658 narn
678 2601 808 2677 quisquis
829 2610 940 2677 spectat
961 2600 1027 2662 rab
1043 2599 1124 2658 omni

201 2709 260 2773 375
283 2695 445 2755 Dimidium
466 2700 521 2758 †et
541 2706 605 2758 toto
625 2697 769 2757 mundum
790 2697 870 2757 uidet
891 2699 963 2757 orbe
985 2698 1103 2757 rotundi

283 2793 355 2854 Pars
375 2795 443 2854 latet
463 2795 581 2855 inferior
601 2814 696 2873 neque
717 2798 795 2854 enim
817 2797 1007 2856 circumuenit
1026 2796 1109 2855 illum
1149 2813 1150 2817 ’

284 2890 378 2952 Recta
397 2893 474 2952 acies
496 2893 649 2972 mediaque
671 2904 756 2953 tenus
776 2894 960 2972 distinguitur
980 2894 1057 2954 aluo.

202 3004 258 3066 371
276 2990 388 3050 deiecta
404 2989 472 3050 Cur.
515 3005 573 3068 373
594 2992 720 3051 tenebris
736 2991 803 3051 Cur.
817 2994 953 3051 tenebras
973 2992 1111 3051 Vorrrizm'.
1154 3006 1212 3067 374

165 3089 198 3146 ab
212 3107 268 3148 axe
281 3088 431 3148 Bentlrzirs.
467 3101 566 3165 375et
581 3090 711 3149 Vosrrizni
724 3090 818 3149 Cano
852 3090 998 3150 ebBentl.
1035 3101 1146 3150 tantum
1155 3102 1213 3167 pro

165 3187 304 3245 mundum
321 3186 414 3247 Bentl.
456 3183 523 3262 orke
544 3184 610 3267 (sic)
626 3189 643 3247 b
661 3189 732 3248 orbe
752 3198 840 3266 supra
860 3190 962 3248 birram
981 3191 1115 3265 scrzittum
1134 3188 1216 3248 habet

165 3283 229 3344 Cur.
250 3285 409 3344 rotundum
438 3283 524 3346 Vosr.¹
546 3286 672 3346 rotundo
695 3288 751 3346 bo.
796 3291 854 3363 376
879 3288 961 3346 illum
991 3284 1079 3348 Voss.⁹
1102 3290 1151 3347 bo
1175 3286 1214 3346 illi

170 3381 253 3442 Voss.¹
272 3382 339 3443 Cur.
355 3383 434 3442 illam
447 3385 487 3443 cd.
501 3383 676 3461 Regr'omont.
712 3397 768 3461 377
786 3385 977 3464 destinguitur
997 3385 1082 3445 Vorr.²

200 3500 229 3540 n
253 3494 312 3558 373
337 3481 440 3540 iterum
463 3481 711 3542 Gemblacensem
733 3501 813 3544 error
836 3484 950 3555 inuasit,
974 3484 1056 3544 cuius
1083 3483 1213 3562 plerique

163 3579 305 3639 immunes
326 3590 401 3640 sunt„
443 3579 522 3639 Nam
544 3580 625 3640 nullo
645 3581 736 3641 modo
756 3592 853 3659 potest
874 3600 975 3641 uerum
992 3601 1055 3641 esse
1072 3581 1189 3640 tenebris
1198 3603 1213 3650 ,-

163 3688 261 3738 contra
274 3679 399 3736 tenebras
414 3680 528 3755 z'ungere
542 3697 601 3738 nox
617 3679 718 3740 dicitur
732 3681 762 3737 in
776 3698 834 3757 qua
854 3681 990 3739 tenebrae
1009 3680 1213 3738 continuantur

163 3795 255 3855 neque
276 3777 353 3836 ullus
373 3777 430 3837 luci
451 3777 532 3838 locus
548 3788 600 3838 est.
645 3778 715 3838 Stat.
731 3778 759 3838 S.
775 3779 792 3837 i.
810 3795 837 3855 5.
857 3797 893 3836 ιο
907 3777 998 3853 Iunge
1007 3789 1079 3855 puer
1093 3778 1212 3853 cyathoa

164 3874 220 3935 h.e.
234 3875 324 3936 alium
338 3887 405 3953 post
419 3875 506 3935 alium
520 3877 629 3953 ingere.
