2760 4448
401 914 480 988 AD
517 912 750 988 ARATEA
787 910 1147 988 GERMANIC11.

293 1176 391 1249 48-52

374 1270 439 1330 Has
459 1271 534 1330 inter
554 1270 665 1330 medias
686 1270 803 1347 abrupti
824 1268 951 1328 fluminis
972 1269 1063 1328 instar

372 1370 504 1429 Inmanis
525 1387 643 1446 serpens
665 1368 785 1428 sinuosa
805 1368 955 1427 uolumina
976 1376 1091 1445 torquet

313 1484 352 1544 50
374 1468 454 1527 Hinc
474 1477 561 1542 atque
581 1468 648 1527 hinc
671 1486 815 1545 supraque
836 1467 897 1526 illas
918 1467 1047 1525 mirabile
1068 1474 1240 1524 monstrum.

375 1567 477 1626 Cauda
498 1566 623 1625 Helicen
645 1577 762 1642 superat
783 1565 932 1628 †tenditat
952 1565 1129 1642 Cynosuran

374 1663 567 1742 Squamigero
584 1665 675 1740 lapsu.
859 1735 861 1739 ¹

251 1762 373 1823 tenditat
386 1761 581 1843 Mas-iliensis)
596 1782 665 1820 saec.
679 1765 738 1821 uzii'
747 1764 793 1821 uel
806 1764 843 1821 ix
860 1763 960 1821 tendat
975 1771 1005 1820 at
1018 1757 1299 1839 M(eermannianus)

250 1882 320 1921 saec.
335 1863 371 1920 ix
385 1863 431 1919 uel
441 1880 475 1920 x.

290 1959 374 2018 Arati
387 1976 489 2018 uersus
501 1976 576 2035 quos
591 1977 638 2017 uu.
652 1974 699 2033 50,
713 1974 749 2034 51
766 1958 813 2018 hic
828 1957 970 2036 expressit
981 1957 1176 2019 Germanicus
1191 1969 1259 2018 sunt
1272 1959 1301 2017 hi

314 2073 350 2133 51
925 2059 940 2129 ἡ
961 2061 1009 2129 μέν
1029 2062 1053 2113 οἶ
1074 2060 1137 2133 ἄκρη

374 2157 436 2231 οὐρὴ
457 2158 510 2229 πὰρ
531 2157 647 2230 κεφαλὴν
666 2155 768 2227 Ἑλίκης
788 2155 946 2212 ἀποπαύεται
960 2155 1073 2231 ’Ἄρκτου

374 2253 468 2328 σπείρῃ
489 2256 511 2311 δ’
533 2257 560 2310 ἐν
579 2259 731 2329 Κυνόσουρα
751 2258 814 2328 κάρη
835 2257 897 2327 ἔχει.

293 2351 451 2412 Maniseste
471 2352 577 2411 excidit
597 2355 687 2427 sinus,
709 2353 797 2412 credo
818 2361 935 2429 propter
956 2353 1113 2431 insequens
1133 2373 1241 2428 cynos:
1273 2363 1302 2413 et

251 2452 373 2512 fortasse
387 2453 457 2511 latet
470 2453 500 2510 in
517 2462 653 2530 corrupto
668 2455 756 2511 sz'rnul
768 2453 848 2530 quod
864 2452 951 2511 habet
965 2453 1030 2512 cod.
1042 2452 1204 2511 Vaticanus
1223 2456 1300 2529 ¹⁶53

252 2569 328 2609 saec.
352 2569 398 2609 xv.
441 2551 523 2609 Arati
547 2550 640 2623 σπείρῃ
667 2553 824 2628 respondet
850 2553 930 2609 sinus
953 2551 1128 2611 Germanici.
1177 2552 1239 2610 Cic.
1265 2552 1301 2611 de

253 2648 291 2706 N.
303 2648 341 2708 D.
363 2649 391 2707 ii.
414 2667 461 2721 4²·
487 2651 542 2707 106
564 2649 632 2707 Has
653 2653 733 2723 tuter,
750 2652 839 2709 ueluti
855 2651 955 2726 rapido
975 2669 1036 2708 cum
1053 2652 1170 2726 gurgite
1181 2653 1301 2729 flumen,

256 2747 287 2806 T
281 2746 361 2805 oruu’
376 2746 474 2805 Draco
487 2750 576 2823 serpit
592 2754 685 2824 supter
703 2760 855 2825 superaque
868 2750 1010 2807 reuoluens
1026 2747 1091 2807 Sese
1107 2750 1303 2826 conficiensque

251 2848 331 2903 stitus
345 2867 358 2904 e
372 2857 483 2922 corpore
494 2849 600 2924 flexos.

296 2962 351 3002 201
376 2943 441 3002 Nec
461 2944 561 3020 procul
583 2944 773 3003 Andromede
794 2955 886 3004 totam
905 2963 994 3022 quam
1016 2964 1134 3005 cernere
1156 2947 1291 3006 nondum

376 3040 510 3101 Obscura
532 3044 586 3101 sub
606 3052 694 3101 nocte
714 3042 788 3102 licet.

253 3142 353 3199 nodum
364 3140 587 3214 Arundelianus,
602 3143 722 3199 nondum
738 3141 894 3212 Parisinus,
910 3149 1002 3200 notum
1017 3141 1204 3203 Basiliensis:
1220 3155 1303 3220 posse

253 3239 334 3316 quod
354 3238 522 3315 Breysigius
544 3260 581 3299 ex
606 3240 817 3299 Einsiedelensi
841 3241 930 3299 edidit
951 3242 1157 3318 interpolatum
1178 3244 1303 3302 uidetur.

254 3337 447 3396 Scribendum
462 3346 505 3395 est
520 3346 568 3396 aut
589 3340 709 3396 nondum
727 3339 844 3397 obscura
863 3338 913 3397 sub
932 3346 1014 3411 nocte,
1029 3359 1097 3398 cum
1111 3359 1171 3399 nox
1185 3341 1303 3419 incepit,

253 3436 306 3494 sed
327 3436 457 3493 nondum
480 3436 604 3494 obscura
624 3436 700 3494 facta
721 3446 773 3509 est,
795 3448 843 3496 aut
864 3440 977 3496 nudam.
1011 3438 1200 3499 Andromede
1222 3442 1304 3500 enim

253 3534 424 3611 pingebatur
447 3534 537 3593 modo
565 3534 698 3594 detractis
725 3537 852 3595 uestibus
873 3537 970 3595 adfixa
993 3538 1123 3614 scopulo,
1147 3538 1239 3598 modo
1265 3541 1304 3599 ad

287 3698 388 3748 lEdita
411 3705 467 3748 sunt
488 3706 546 3764 post
564 3699 680 3762 Hugonis
697 3699 779 3750 Grotii
800 3717 871 3751 curas
889 3703 1052 3761 (Amicorum
1069 3705 1210 3768 Syntagma
1227 3705 1304 3768 1600)

253 3768 285 3816 ab
297 3765 393 3815 Orellio
405 3781 461 3814 cum
473 3765 576 3815 Phaedri
589 3764 678 3814 sabulis
692 3767 763 3828 1832,
776 3766 905 3831 Breysigio
918 3767 989 3831 1867,
1002 3769 1149 3820 Baehrensio
1161 3772 1226 3821 P.L.
1237 3772 1274 3823 M.
1286 3773 1304 3821 i.

253 3848 296 3896 pp.
311 3844 430 3894 142-200.
