2760 4448
171 280 233 325 100
480 273 628 324 NOCTES
649 273 898 324 MANILIANAE

208 434 264 493 ΙΙΙ.
275 447 418 509 ‚495-502
436 433 476 492 sic
491 442 590 492 extant
606 434 637 491 in
651 433 769 495 Gembl.

209 547 269 607 495
291 532 371 590 Tum
392 549 453 609 quo
474 533 612 591 subsistet
633 551 772 592 numerus
792 543 983 608 consumptus
1004 531 1035 589 in
1057 539 1138 590 astro

290 630 396 703 Quaue
416 631 446 688 in
466 640 545 706 parte
566 648 650 688 suam
669 649 816 690 summam
837 631 1007 708 numerique
1029 630 1146 707 reliquit

289 729 374 788 Haec
395 728 449 787 erit
468 728 601 787 exoriens
622 740 650 786 et
672 747 740 806 pars
757 738 786 787 et
812 728 905 788 forma
926 747 978 806 per
998 728 1082 805 ignes

289 827 445 886 Contineat
466 836 561 903 partes
582 827 633 885 ubi
655 846 800 886 summam
821 827 920 886 lecerit
941 846 1032 886 unam

289 924 432 983 Tricenas
453 925 535 983 dabis
557 943 593 983 ex
614 924 662 983 illa
682 944 734 1003 per
755 927 868 1002 singula
889 927 973 1000 signa

209 1037 268 1098 500
291 1022 395 1082 Donec
417 1023 531 1082 deficiat
552 1041 689 1082 numerus
711 1042 858 1101 quamque
879 1023 926 1082 ille
948 1023 1003 1082 sub
1024 1023 1109 1082 astris

287 1121 372 1180 Parte
393 1121 479 1180 cadet
499 1120 600 1179 credas
621 1121 701 1179 illam
722 1140 789 1180 cum
811 1139 934 1198 corpore
955 1131 1055 1180 natam

286 1219 361 1279 Esse
382 1219 511 1278 hominis
532 1221 694 1295 pariterque
715 1221 816 1278 orbem
837 1220 946 1279 uidisse
966 1238 1019 1296 per
1039 1219 1132 1294 ignes.

207 1334 266 1394 495
290 1318 366 1378 Cum
397 1318 464 1378 Cus.
501 1319 633 1376 Vusse‘ani
655 1319 707 1376 bo
737 1317 817 1375 Tum
845 1319 885 1378 ed.
912 1317 1090 1393 Regebmont.
1159 1321 1221 1393 496

165 1416 336 1494 numerique
359 1416 427 1476 Cur.
449 1413 534 1476 Voss?
548 1415 591 1475 ob
611 1434 825 1493 numerumque
847 1413 933 1476 Voss.¹
952 1416 1065 1493 reliquit
1089 1415 1158 1476 Cus.
1174 1437 1222 1476 re-

807 1512 824 1545 U

165 1562 268 1640 linquit
297 1562 427 1621 Vossenni
443 1582 457 1621 o
471 1564 495 1622 b.
553 1578 610 1639 497
634 1564 709 1641 ignis
730 1564 774 1621 ub
796 1563 876 1621 foma
897 1561 914 1621 b
936 1581 1039 1622 norma
1060 1561 1221 1641 Breitesus.

167 1665 225 1737 498
241 1679 355 1719 summa
377 1660 462 1720 Voss?
478 1660 546 1721 Cus.
562 1662 689 1721 foecerat
703 1681 717 1720 o
732 1679 823 1720 unum
843 1660 910 1721 Cus.
932 1661 1063 1720 Vosseuni
1073 1680 1166 1719 unam
1178 1663 1221 1720 bo

165 1759 268 1817 feceris
289 1757 428 1835 Scaliger.
479 1775 538 1834 500
560 1778 676 1837 quaque
699 1759 765 1819 Cur.
795 1757 881 1820 Voss.¹
903 1761 948 1818 bo
975 1778 1032 1836 que
1060 1755 1149 1818 Voss.²
1171 1760 1220 1821 illa

173 1857 303 1915 Vosse'ani
320 1858 370 1917 bo.
413 1872 469 1936 501
494 1858 578 1918 cadet
606 1858 738 1918 Vossiani
758 1857 826 1917 Cus.
849 1859 934 1917 cadat
954 1857 1010 1918 bo.
1053 1870 1111 1931 502
1134 1857 1220 1917 uides

165 1972 280 2031 semper
293 1955 375 2031 ignes
397 1955 482 2014 Voss.²

207 2052 381 2130 Scrupulum
401 2054 499 2113 iniecit
518 2073 546 2114 u.
568 2058 625 2129 496
648 2053 795 2129 Scaligero
813 2053 931 2132 neganti
953 2072 1038 2130 posse
1060 2071 1219 2113 numerum

164 2151 221 2210 dici
241 2169 324 2210 suam
343 2153 515 2229 numerique
538 2171 683 2212 summam
707 2153 877 2229 relinquere.
919 2151 1023 2229 Itaque
1045 2155 1161 2210 numeri
1182 2172 1219 2212 ex

163 2269 263 2308 numen
277 2251 408 2309 uitiatum
423 2261 509 2324 ratus,
525 2251 581 2309 hoc
596 2251 626 2308 in
641 2269 745 2308 momen
759 2251 926 2325 refingebat.
972 2249 1079 2309 Melius
1094 2250 1220 2310 Manilio

164 2367 219 2408 suo
236 2349 379 2408 consuluit
403 2348 530 2408 Huetius
545 2367 613 2406 curn
627 2368 731 2420 nomen,
747 2348 807 2406 siue
822 2350 860 2407 ab
875 2367 906 2408 se
920 2347 1083 2424 profectum
1098 2349 1160 2408 siue
1181 2351 1219 2407 ab

164 2447 229 2518 atio,
245 2446 282 2504 ad
301 2446 427 2505 rationes
448 2456 477 2504 et
497 2445 624 2506 calculos
645 2456 803 2506 reuocaret.
839 2444 929 2504 Nihili
947 2447 1046 2524 pendo
1061 2445 1219 2505 Vossiani¹

164 2564 367 2621 numerumque,
382 2544 438 2602 nisi
453 2544 532 2621 quod
549 2544 728 2621 probabilius
742 2544 809 2603 hinc
825 2544 855 2602 fit
870 2547 1038 2620 numerique.
1073 2544 1220 2616 Quamuis

164 2643 242 2700 enim
272 2641 395 2701 Manilio
418 2643 644 2701 abiudicandum
667 2642 702 2700 sit
729 2662 785 2718 qun
813 2644 843 2699 in
863 2650 949 2718 parte
975 2662 1109 2701 numerus
1136 2663 1218 2701 suam

162 2760 299 2798 mennam
316 2760 512 2816 numerumque
530 2743 670 2817 relinquit,
686 2757 747 2799 non
766 2740 843 2799 cadit
859 2741 916 2799 hoc
934 2741 964 2798 in
982 2760 1063 2799 suune
1080 2761 1218 2800 summam

164 2841 332 2914 numerique,
347 2857 414 2896 cum
429 2841 589 2914 numerique
602 2839 644 2897 eis
669 2837 740 2897 locis
755 2838 922 2896 addendum
944 2839 981 2897 sit
1000 2840 1107 2917 quibus
1126 2841 1219 2916 expli-

164 2937 251 2996 candi
265 2938 389 3012 uimque
403 2937 509 2995 habeat
523 2938 584 2995 siue
602 2936 766 3006 definiendi,
782 2937 943 2996 cuiusmodi
958 2948 1026 2996 sunt
1041 2938 1117 2997 Aen.
1131 2938 1160 2997 ii.
1180 2957 1217 3012 19

163 3054 301 3094 cauernus
320 3034 449 3111 Ingentes
467 3041 626 3110 uterumque
643 3043 671 3093 et
691 3034 802 3106 similia,
819 3035 866 3092 ‘in
880 3035 1025 3095 whatever
1042 3035 1149 3112 degree
1170 3036 1219 3095 the

164 3132 290 3191 number
312 3132 407 3190 leaves
431 3133 467 3191 its
491 3133 570 3202 total,
593 3132 656 3191 that
683 3132 716 3204 is,
738 3132 787 3192 the
811 3142 934 3191 amount
958 3134 979 3192 it
1004 3133 1125 3193 reaches
1147 3152 1219 3193 asa

162 3229 317 3290 number.'.
344 3228 423 3289 Nam
451 3231 475 3289 si
502 3250 589 3288 cauae
604 3274 611 3290 .
626 3274 633 3289 .
648 3274 655 3290 .
669 3249 816 3302 cauernae,
845 3250 932 3289 cauas
947 3274 954 3290 .
968 3274 976 3290 .
991 3274 999 3291 .
1013 3250 1153 3291 cauernae
1180 3251 1220 3292 ne

163 3329 309 3404 Vergilius
333 3329 453 3404 quidem
477 3346 572 3405 neque
595 3328 733 3386 Lucanus
758 3328 855 3387 dicere
877 3328 981 3405 refugit
1004 3326 1093 3408 (Aen.
1116 3330 1144 3388 ii.
1169 3346 1219 3406 53,

163 3425 264 3486 Phars.
280 3426 318 3485 iii.
334 3427 415 3504 418),
437 3436 557 3504 uterque
579 3425 711 3485 uidelicet
720 3422 759 3485 'id
781 3427 913 3485 ambiens
930 3437 961 3485 ut
981 3446 1043 3486 non
1064 3427 1159 3487 solum
1180 3448 1220 3488 ex

162 3544 237 3584 cauo
259 3525 370 3583 editum
391 3542 529 3595 murmur,
545 3525 595 3583 sed
610 3525 696 3583 etiam
712 3542 818 3583 cauum
833 3524 973 3602 quiddam
993 3543 1104 3584 sonans
1123 3529 1220 3603 expri-

162 3633 284 3695 merent,
307 3641 359 3681 cur
380 3641 440 3680 non
465 3623 502 3681 de
527 3624 609 3680 astris
633 3623 756 3700 loquens
781 3622 919 3682 Manilius
944 3642 975 3682 re
1000 3623 1167 3683 difficillima
1190 3634 1220 3683 et

162 3721 286 3780 multam
300 3721 524 3797 explicationem
540 3721 713 3796 postulante,
728 3741 873 3779 numerum
889 3721 985 3780 lecerit
998 3741 1079 3779 suam
1094 3727 1221 3781 numeri·

68 3838 73 3849 '
165 3849 186 3884 1.
198 3849 210 3883 a
214 3849 262 3898 534
273 3835 398 3883 aixerunt
408 3834 485 3883 annis
495 3849 567 3882 xxxv
578 3834 607 3881 in
618 3849 650 3894 se,
659 3840 684 3883 et
697 3848 769 3896 2113,
778 3836 809 3883 V.
819 3849 840 3884 1.
851 3834 922 3901 3996,
933 3809 1065 3886 illustrauit
1077 3836 1221 3889 Pauckerus

162 3902 188 3949 in
199 3900 378 3966 Supplemeuto
389 3900 535 3950 Lexicorum
546 3899 701 3962 Latinorum,
712 3916 737 3965 p.
749 3899 805 3965 406.
