2760 4448
597 314 601 319 -
640 282 666 334 V
1108 287 1169 358 175

118 440 237 504 leonem
254 441 383 504 referunt
400 443 455 509 sub
469 441 570 504 Leone
588 443 657 504 nati.
699 443 744 505 Cf.
757 443 880 523 Woltjer
893 446 926 505 de
937 444 1065 506 Manilia
1076 454 1168 523 poeta,

242 737 463 817 Effunduntque
483 756 551 798 suas
572 756 714 800 concesso
735 740 764 797 in
786 740 892 800 robore
913 741 1057 802 flammas.

119 861 341 939 Etfunduntque
363 859 451 922 Voss.²

163 959 287 1036 Corpore
307 960 432 1020 Iacobus
452 979 489 1020 ex
503 957 611 1033 Vosn’,
624 960 674 1020 uix
689 971 784 1022 recte:
811 961 907 1020 robore
924 971 953 1021 et
969 961 1026 1022 hoc
1044 962 1122 1022 ualet
1140 973 1171 1024 et

120 1059 233 1118 accedit
254 1058 426 1134 significatio
449 1059 563 1133 uirium,
586 1059 645 1119 h.e.
670 1060 774 1136 quouis
797 1060 894 1120 ualido
916 1080 1046 1139 corpore,
1072 1064 1170 1139 qualia

120 1166 187 1216 sunt
199 1157 319 1216 leonum
333 1166 362 1215 et
376 1174 512 1236 aprorum
527 1156 608 1236 (228,
625 1157 705 1239 229).
748 1158 806 1218 Sed
820 1177 857 1218 ex
875 1158 981 1219 eodem
996 1159 1096 1220 Voss.²
1110 1160 1170 1221 ior-

119 1265 196 1316 tasse
217 1255 416 1315 reuocandum
439 1265 500 1315 erat
520 1255 696 1336 Ecsundunt,
719 1257 794 1316 sicut
815 1257 881 1317 Cul.
900 1271 957 1333 274
978 1258 1171 1337 chossasque

119 1372 174 1431 pro
188 1353 392 1433 IVecforsasque
405 1353 550 1413 codicum.

161 1450 198 1511 V.
216 1466 273 1527 235
289 1453 329 1512 sic
343 1462 422 1512 extat
435 1452 466 1511 in
481 1451 596 1514 Gembl.

242 1566 404 1645 ceteraque
425 1569 531 1628 auratis
552 1566 643 1645 surgit
664 1568 774 1628 celatus
796 1569 834 1629 ab
855 1570 947 1629 astris,

160 1692 219 1752 Pro
236 1692 385 1769 Caecaque
398 1692 478 1769 quod
491 1692 621 1770 plerique
639 1693 670 1750 in
687 1691 791 1753 Crater
803 1694 851 1752 uel
866 1692 1020 1771 Craterque
1033 1713 1168 1757 correxe-

118 1800 195 1863 runt,
210 1791 353 1850 Breiterus
370 1789 494 1850 Cratera
515 1792 669 1863 substituit,
690 1791 791 1851 nescio
812 1810 851 1850 an
872 1803 966 1867 recte;
992 1812 1062 1852 nam
1082 1791 1168 1877 ela)e-

119 1891 194 1948 latus
216 1891 251 1948 ab
273 1891 361 1947 astris
384 1887 464 1947 facile
490 1908 526 1949 ex
549 1891 655 1948 caelata
676 1890 728 1949 sub
755 1891 844 1948 astris
869 1890 1021 1968 deprauari
1045 1904 1166 1971 poterat,

118 1989 202 2049 cuius
230 1987 334 2047 similia
361 2005 422 2046 non
449 2005 544 2063 pauca
571 1988 659 2047 habet
686 1987 836 2061 Manilius,
858 2007 883 2046 e.
892 2008 922 2066 g.
944 1989 968 2048 Ι.
992 1994 1050 2064 845
1073 1992 1167 2051 Hirta

110 2087 271 2164 figurantis
290 2087 408 2144 tremulo
433 2087 484 2144 rub
506 2088 609 2145 tumim
630 2097 739 2160 menta3
765 2086 801 2147 ci.
826 2087 927 2146 Iacobi
952 2088 1085 2148 Indicem
1110 2109 1166 2150 s.u.

118 2185 188 2246 Sub.
224 2184 283 2244 Sed
294 2185 363 2243 alias
371 2191 465 2243 crater
474 2185 667 2244 masculinum
681 2187 830 2263 usurpauit
843 2197 950 2260 noster,
960 2186 997 2247 V.
1015 2206 1073 2262 250
1086 2188 1167 2248 Talis

117 2284 226 2362 effingat
235 2291 329 2342 crater
341 2285 448 2342 umoris
462 2291 578 2355 amator,
595 2283 617 2342 I.
633 2297 691 2358 417
707 2292 802 2343 etune
814 2291 920 2360 gratur
934 2284 1035 2344 Iacche
1053 2285 1166 2347 Crater.

119 2382 184 2441 Nec
198 2391 296 2442 tamen
306 2383 337 2439 in
350 2382 473 2441 Manilio
488 2383 583 2441 solum
597 2383 639 2442 sic
651 2382 790 2442 fluctuant
802 2384 934 2443 codices:
957 2402 1027 2442 nam
1042 2384 1072 2443 in
1087 2385 1166 2445 Mar-

118 2481 199 2540 tiano
224 2479 343 2558 Capella
369 2499 406 2539 ex
434 2479 653 2557 Eyssenhardtii
681 2482 727 2540 ed.
756 2481 885 2558 intelligo
912 2490 1052 2541 crateram
1079 2502 1165 2543 accu-

119 2579 243 2638 satiuum
278 2578 383 2638 habere
415 2579 480 2638 cod.
511 2578 761 2655 Bambergensem
793 2583 861 2656 829,
891 2580 1165 2642 Reichenauensem

119 2680 188 2750 841,
214 2683 326 2735 cratera
353 2677 565 2736 nominatiuum
593 2677 695 2737 Bamb.
723 2697 762 2737 m.
792 2697 834 2756 pr.
865 2681 933 2753 843,
962 2680 1097 2755 quamuis
1126 2681 1166 2740 ibi

118 2774 361 2852 Eyssenhardtius
383 2781 485 2847 crater,
505 2786 538 2835 ut
558 2777 589 2834 in
612 2780 681 2853 838,
702 2776 830 2836 ediderit.
872 2776 1080 2837 Accusatiuum
1100 2798 1165 2838 cra·

117 2880 214 2945 teram,
229 2873 386 2932 ablatiuum
399 2879 510 2932 cratera
524 2876 674 2951 usurpauit
688 2874 881 2935 Germanicus
895 2873 974 2934 Arat
990 2889 1058 2953 505,
1075 2879 1144 2941 620.

159 2968 196 3031 V.
213 2976 279 3048 238,
296 2991 353 3048 239
369 2972 410 3032 sic
425 2983 523 3032 extant
537 2973 567 3031 in
581 2973 697 3034 Gembl.

240 3088 279 3146 Et
299 3098 328 3148 te
349 3087 441 3147 bache
462 3098 529 3148 tuos
549 3091 709 3149 nubentem
730 3089 822 3166 iungit
843 3090 881 3149 ad
902 3090 997 3150 ulmos

239 3186 443 3265 Disponetque
464 3187 538 3264 iugis
664 3192 667 3197 ’

120 3333 135 3372 2
140 3316 177 3390 38
192 3322 258 3372 tuos
270 3312 372 3370 codeces
375 3318 491 3389 praeter
507 3310 650 3373 Voss.²etb
677 3323 742 3373 tuas
758 3311 893 3373 Vasdetb
921 3315 1014 3391 iungit
1030 3314 1165 3374 Vors.¹ob

117 3412 217 3487 iunget
228 3409 366 3487 Scaliger.
401 3430 458 3486 239
473 3410 656 3488 Disponetue
677 3411 763 3471 Vors.²

159 3509 236 3570 Cum
257 3508 315 3569 hoe
335 3509 401 3569 loco
422 3510 637 3586 comparandus
658 3521 702 3570 est
721 3530 820 3571 uersus
835 3512 939 3572 Catulli
958 3512 1014 3570 lxii.
1030 3526 1069 3587 54
1083 3511 1169 3571 Atrc’

104 3609 189 3686 farte
198 3609 288 3667 eadem
297 3615 337 3666 cst
345 3611 418 3666 ulmo
428 3611 573 3667 concancta
583 3611 708 3678 marito,·
727 3611 757 3667 in
767 3620 890 3688 utroque
901 3612 980 3670 enirn
994 3611 1060 3669 uitis
1072 3610 1163 3683 ulmo,

116 3717 256 3784 tanquam
277 3707 382 3765 marito
402 3706 519 3780 femina,
541 3707 646 3768 dicitur
666 3709 756 3786 iungi.
807 3709 846 3768 Et
868 3709 925 3769 hoc
947 3719 992 3768 est
1015 3727 1067 3768 cur
1087 3727 1163 3768 mas-

116 3806 215 3866 culino
242 3824 349 3883 genere
376 3816 405 3865 et
431 3814 493 3865 tuas
521 3806 660 3866 Manilius
689 3817 717 3867 et
745 3810 845 3867 marcio
870 3808 999 3867 Catullus
1026 3809 1163 3885 posuerit.

117 3901 197 3964 Nam
210 3908 303 3967 ulmus
315 3924 375 3967 non
389 3907 562 3966 femininum
576 3907 666 3968 modo
681 3908 795 3968 uidetur
804 3907 900 3981 fuisse,
910 3908 963 3968 sed
976 3917 1008 3967 ut
1018 3918 1164 3983 cupressus
