2760 4448
445 283 500 333 AD
521 282 598 333 ARA
605 282 677 333 ΤΕΑ
705 281 923 332 GERMANICI
1148 285 1207 344 241

161 445 214 506 sed
235 454 335 504 tamen
356 443 477 501 refertur
498 442 536 501 ad
556 451 671 518 tempus
688 459 748 518 quo
771 440 909 517 Scorpius
929 439 1030 499 relicto
1050 439 1117 498 loco
1139 439 1211 498 caeli

162 562 223 620 quo
249 542 341 602 Orion
369 542 492 601 oriturus
520 550 589 611 erat,
610 540 720 617 fogere
748 541 809 598 siue
836 543 959 614 ἐκχωρεῖν
985 538 1105 597 uidetur.
1163 537 1211 597 Sic

163 642 303 701 Martialis
317 641 388 700 dixit
401 640 623 715 Pulueroumque
630 640 740 718 fugax
754 638 950 715 hippodromon
964 639 1072 713 ungula
1087 639 1209 713 plaudit,

162 760 224 800 non
249 740 349 817 sugam
374 739 550 816 significans,
575 738 628 796 sed
652 754 753 796 cursus
779 737 964 796 uelocitatem
989 754 1046 813 qua
1075 753 1145 794 ecus
1172 736 1210 793 ab

162 839 256 900 oculis
277 837 471 916 spectantium
491 836 646 913 abripitur:
672 835 713 894 sic
732 834 878 893 quenalis
892 834 948 893 viii.
964 838 999 893 61
1022 834 1102 891 cuius
1119 832 1210 893 Clara

151 940 238 1016 sugo
250 945 314 1014 orote
328 937 399 995 olo'os
412 943 438 993 et
450 937 566 1012 prtinus
580 936 611 992 in
625 953 740 1010 aequore
755 935 861 1009 puluis.

205 1081 263 1154 692
285 1076 410 1135 Eminus
430 1074 561 1150 exsurgit
582 1074 715 1137 †minori
735 1085 806 1132 nota
828 1090 948 1132 corona.

164 1177 271 1236 minori
299 1174 473 1246 Beruensis;
508 1174 538 1231 in
573 1171 754 1232 Bononiensi
782 1171 902 1230 ultimae
933 1171 1044 1230 litterae
1076 1173 1210 1232 uocabuli

164 1274 268 1353 dispici
292 1282 451 1351 nequeunt,
476 1282 549 1331 teste
578 1270 765 1330 Baehrensio.
807 1270 888 1328 Hinc
915 1271 1047 1346 suspicor
1075 1271 1211 1330 traditum

164 1374 251 1432 luisse
279 1371 436 1449 antiquitus
463 1389 526 1430 non
554 1367 679 1441 Mzmio,
701 1368 780 1446 quod
809 1368 900 1445 uulgo
928 1368 1022 1428 editur
1050 1370 1211 1428 secundum

164 1471 412 1530 Einsiedelensem
434 1479 463 1528 et
485 1467 650 1539 Susianum,
671 1468 723 1527 sed
745 1478 794 1526 aut
818 1466 919 1525 Minoi
936 1476 986 1525 aut
1006 1466 1131 1538 Momm]
1155 1466 1211 1527 hoc

166 1572 286 1630 alterum
314 1567 475 1627 secundum
510 1567 702 1625 Priscianum.
756 1566 895 1643 Hyginus
930 1565 962 1624 P.
987 1565 1022 1624 A.
1045 1566 1112 1641 ii.5
1139 1565 1211 1625 duas

165 1669 277 1729 fabulas
294 1677 514 1738 commemorat,
530 1685 652 1742 quarum
671 1684 708 1724 ex
727 1676 849 1743 utraque
867 1665 1028 1742 explicatur
1049 1685 1101 1726 cur
1116 1665 1211 1725 Minoi

167 1770 229 1828 siue
245 1767 361 1826 Minoni
376 1776 446 1825 nota
463 1783 573 1824 corona
587 1765 640 1823 ista
654 1765 711 1824 dici
726 1766 858 1842 potuerit.

207 1867 360 1943 Prognost.
375 1865 408 1923 fr.
423 1865 450 1922 ii.
466 1862 595 1940 Breysig,
611 1864 647 1921 iii.
662 1862 796 1922 Bahrens

231 1997 243 2036 r
289 1976 438 2037 Grandine
459 1967 711 2051 permixtus'aries
731 1973 903 2051 niuibusque
925 1974 1042 2035 caducis

291 2076 439 2153 Spargunt
459 2073 556 2132 uicina
577 2073 663 2132 tristis
685 2091 772 2149 supra
793 2074 861 2150 iuga
881 2073 986 2151 pisces

168 2188 302 2248 Fortasse

287 2302 440 2362 Grandine
461 2302 620 2378 permixtos
641 2302 726 2362 Aries
747 2303 922 2380 niuibusque
944 2303 1061 2363 caducis

290 2401 427 2478 Aspargit
449 2399 473 2477 (i
481 2401 541 2460 Dat
564 2399 727 2479 spargens),
750 2402 847 2460 uicina
869 2420 955 2478 supra
976 2403 1043 2479 iuga
1065 2402 1200 2473 tristibus,

370 2500 483 2559 imbres.

170 2616 250 2675 Nam
264 2615 440 2676 Grotiarrum
457 2615 535 2687 illud,
550 2617 630 2693 quod
649 2626 819 2693 receperunt
838 2615 1002 2693 Breysigius
1021 2627 1048 2675 et
1067 2615 1213 2675 Baehren-

169 2717 236 2786 sius,
246 2717 409 2791 permixtos
424 2760 430 2773 .
447 2760 453 2773 .
467 2717 580 2791 spargit
592 2716 701 2773 utititas
719 2726 807 2792 supro
827 2718 896 2791 iugo
910 2718 1004 2774 troitz'o
1021 2716 1112 2786 nubes,
1128 2715 1214 2773 nimis

168 2814 289 2873 discedit
305 2832 323 2871 a
337 2813 437 2871 litteris
452 2813 597 2872 codicum.
640 2813 738 2873 Verba
754 2815 794 2873 sic
808 2815 960 2873 struenda:
989 2815 1073 2873 Aries
1080 2815 1214 2893 ‚aspargit

168 2914 277 2971 imbres
297 2912 455 2988 permixtos
476 2911 619 2987 grandine
641 2912 812 2989 niuibusque
834 2912 960 2983 caducis,
980 2913 1107 2971 tristibus
1128 2930 1216 2987 supra

169 3012 265 3070 uicina
279 3010 356 3087 iuga,
373 3015 488 3069 ‘snows
502 3009 640 3086 lowering
654 3029 722 3068 over
737 3010 786 3069 the
797 3010 862 3069 hills
876 3011 944 3088 they
958 3011 1065 3070 almost
1079 3009 1185 3069 touch!

234 3140 267 3178 12
292 3121 428 3197 Scorpios
450 3120 563 3179 assidue
585 3119 666 3178 caelo
687 3121 865 3180 minitabitur
886 3122 962 3198 ignis

289 3218 410 3278 Lentior
431 3220 460 3276 in
481 3219 595 3296 pluuias
617 3219 709 3296 magis
730 3219 840 3279 inuenit
860 3239 931 3278 arua
951 3225 1043 3284 †ctur

169 3336 211 3393 sic
230 3334 474 3394 Einsiedelensis:
495 3336 586 3410 quieto
602 3332 750 3406 Susianus,
765 3334 846 3411 quod
860 3353 921 3394 non
936 3335 1074 3411 intelligo.
1118 3333 1215 3392 Credo

168 3433 378 3493 Germanicum
393 3433 540 3511 scripsisse
555 3440 649 3491 coacto
663 3433 691 3490 h.
701 3452 726 3492 e.
741 3443 887 3506 concreta,
902 3434 1030 3512 sequitur
1044 3433 1123 3491 enim
1138 3431 1205 3511 (14)

290 3548 395 3625 Adque
416 3548 504 3607 trucis
524 3557 629 3608 uentos
650 3548 741 3607 densa
762 3549 829 3607 niue
851 3567 937 3625 saepe
959 3548 1100 3624 agebunt,

172 3663 255 3741 quod
268 3682 418 3740 perperam
433 3662 560 3737 Grotius,
577 3673 605 3722 et
619 3674 686 3740 post
699 3682 766 3722 eum
781 3681 892 3735 omnes,
908 3665 948 3722 sic
963 3663 1114 3722 ediderunt

291 3780 389 3857 Atque
410 3780 498 3838 trucis
514 3780 594 3837 uenti
615 3779 706 3839 densa
727 3779 794 3839 niue
815 3798 901 3855 saepe
923 3779 1064 3855 rigebunt.

169 3891 254 3950 Idem
270 3890 390 3951 Grotius
404 3909 432 3950 u.
452 3894 487 3949 16
503 3909 590 3968 quem
605 3891 720 3950 codices
735 3891 776 3950 sic
791 3890 968 3949 tradiderunt

686 4009 704 4048 n
