2760 4448
676 243 713 294 II
1175 248 1216 317 33

209 416 313 479 Restat
327 418 525 479 difficillimum
538 417 583 478 El
592 420 702 480 blandis
719 418 861 480 aduersa*
876 421 960 479 sanai.
1002 419 1091 494 Quod
1106 421 1218 482 sintin

166 519 304 577 omnibus
324 518 410 578 codd.
434 518 563 590 traditur,
587 518 629 578 sic
649 519 857 596 explicandum
881 529 934 592 est,
957 519 1058 577 malim
1080 519 1217 597 equidem

164 617 288 674 aduusa
301 617 514 675 nominatiuum
527 615 635 675 habere
650 616 703 695 (sc.
711 614 816 694 lurda),
828 627 1001 676 structuram
1014 627 1112 676 autem
1127 636 1215 677 accu-

165 715 327 772 satiuorum
340 714 436 773 uerbis
450 713 495 772 Et
506 714 616 772 blandis
629 716 751 773 aduersa
764 717 839 773 senei·
853 714 1052 792 interruptam,
1067 733 1166 774 rursus
1186 716 1217 774 in

165 810 212 870 his
226 813 380 889 dulcemque
386 823 442 889 per
454 832 538 872 aures
548 812 686 891 Afflctum
700 822 877 890 resumptam
892 812 1029 872 arbitrari.
1071 813 1124 872 Illa
1134 815 1218 872 turba

165 910 231 969 fluit
245 929 319 986 quae
333 911 446 970 divitias
460 930 563 992 aurum
584 912 706 987 imperia
719 910 814 970 fasces
827 911 930 969 luxum
944 912 1044 988 diligit,
1060 921 1088 970 et
1102 912 1217 971 blandis

166 1026 199 1066 se
217 1009 372 1068 aduertens
391 1009 478 1082 sonis,
493 1027 628 1088 quaeque
649 1008 741 1085 diligit
755 1009 872 1069 dulcem
894 1029 947 1086 per
966 1027 1051 1069 aures
1068 1010 1215 1069 affectum.
1255 1065 1257 1070 .

166 1105 242 1166 Tac.
255 1106 333 1165 Arm.
349 1108 407 1166 xiii.
423 1123 461 1182 45
476 1109 602 1166 animum
623 1109 704 1165 elram
719 1108 869 1166 leuease'me's
882 1109 1063 1166 aduerterent.

207 1205 264 1272 An,
279 1216 310 1264 ut
325 1205 452 1281 Scaliger
466 1205 626 1276 contendit,
640 1206 761 1263 aduersa
781 1224 864 1264 mero
882 1224 980 1265 errore
1001 1207 1162 1265 scribarum
1177 1225 1216 1265 ex

164 1304 280 1362 deuersa
294 1301 384 1383 (neut.
399 1301 485 1383 plur.)
499 1304 655 1380 prouenit?
676 1304 840 1362 cuiusmodi
856 1304 959 1361 uitium
974 1304 1167 1363 animaduerti
1187 1306 1217 1362 in

164 1402 268 1462 codice
289 1403 363 1467 Coll.
380 1402 520 1478 Corporis
542 1402 649 1461 Christi
670 1403 698 1461 ii.
720 1406 777 1477 287
792 1402 841 1460 ubi
864 1402 952 1460 ceteri
973 1402 1058 1461 codd.
1079 1403 1181 1473 deuz'sa,
1202 1422 1218 1461 a

163 1511 264 1560 autem
286 1503 407 1559 aduersa
428 1500 524 1559 habet.
565 1500 614 1558 An
628 1500 832 1578 reponendum
850 1509 894 1558 est
908 1500 965 1560 hoe
979 1501 1086 1576 ipsum,
1102 1502 1216 1560 druria?

164 1599 416 1676 quemadmodum
429 1599 570 1657 Horatius
591 1597 663 1656 dixit
678 1598 710 1658 C.
729 1599 747 1656 i.
766 1614 813 1674 15.
832 1613 868 1672 15
889 1597 1002 1657 Imlellz'
1019 1600 1131 1657 eithara
1152 1619 1217 1656 car-

163 1699 244 1756 mina
262 1699 377 1756 druides.
419 1696 467 1756 Sic
484 1697 668 1755 accusatiuus
682 1706 759 1756 esset
772 1698 877 1770 druria,
891 1697 1100 1773 significaretur
1117 1705 1216 1756 autem

163 1795 319 1856 alternatio
344 1815 463 1867 uocum,
486 1795 547 1854 siue
571 1805 673 1854 cantus
697 1814 765 1855 cum
788 1795 904 1866 cithara,
930 1795 992 1855 siue
1015 1796 1159 1871 ἀντίφωνος
1184 1814 1216 1854 se

163 1893 292 1954 inuicem
307 1895 524 1971 excipientium.

206 1993 246 2051 II.
264 1996 319 2069 167
336 2012 401 2072 sqq.
423 1993 464 2052 sic
478 2003 579 2051 extant
592 1992 623 2049 in
637 1991 753 2051 Gembl.

287 2093 385 2170 Atque
406 2092 478 2150 haec
500 2111 537 2150 err
557 2090 676 2167 paribus
698 2099 760 2149 toto
781 2090 940 2166 gaudentia
960 2108 1051 2150 censu

289 2189 378 2267 Signa
399 2199 498 2248 meant
517 2188 587 2248 nihil
608 2189 734 2248 exterius
755 2189 896 2246 mirantur
916 2189 945 2246 in
966 2189 1036 2265 ipsis

287 2289 495 2348 Admissumue
516 2286 616 2346 dolent
636 2287 781 2364 quaedam
802 2286 882 2364 quod
902 2298 983 2363 parte
1005 2288 1097 2347 recisa

207 2402 268 2462 170
288 2388 385 2465 Atque
406 2406 443 2445 en
465 2386 581 2444 diuerso
602 2385 769 2443 commissis
790 2402 911 2461 corpore
932 2386 1079 2444 membris.

207 2490 265 2561 167
288 2485 350 2546 celo
366 2485 502 2554 Vasse'ane',
515 2484 530 2542 d
542 2504 565 2543 a.
611 2485 668 2541 168
691 2483 784 2541 nitant
801 2483 894 2555 Vess.²,
906 2494 1026 2542 manent
1037 2485 1053 2543 b
1064 2505 1078 2543 e
1090 2485 1216 2544 deterius

170 2585 309 2644 Vasnam'.
355 2587 410 2660 169
425 2583 622 2642 'Amissumue
636 2581 786 2654 Maliuius,
803 2581 942 2658 Scaliger,
957 2582 1050 2641 Benll.

206 2682 284 2743 Mire
307 2685 413 2742 errauit
434 2682 563 2741 Iacobus
586 2691 758 2740 structuram
784 2700 811 2739 u.
835 2683 891 2756 169
913 2682 954 2740 sic
976 2681 1160 2758 expediendo
1183 2693 1215 2741 ut

160 2784 307 2859 quaedam,
323 2783 399 2858 quad
408 2787 492 2858 parte
511 2782 602 2838 recisa
623 2780 765 2849 scriberet,
781 2779 808 2836 h.
820 2797 845 2838 e.
861 2781 1011 2855 ‘quaedam
1027 2780 1126 2839 dolent
1143 2783 1219 2856 quad

156 2888 244 2959 parte
256 2883 346 2939 recisa
361 2890 427 2939 sunt
441 2889 528 2956 atque
542 2879 681 2954 membris
700 2877 781 2935 uarie
795 2876 978 2936 commissis?
1020 2878 1130 2954 Aperte
1144 2881 1220 2954 quad
1307 2897 1310 2902 ·

162 2980 316 3038 relatiuum
330 2988 374 3038 est
388 2989 416 3038 et
431 2977 551 3036 refertur
565 2976 602 3034 ad
616 2978 742 3036 exterius
757 2976 907 3046 me'raulur,
924 2976 1106 3035 Amersumue
1119 2979 1214 3048 delent,

162 3078 220 3139 hae
249 3077 399 3149 sententia,
427 3076 502 3152 quad
527 3094 567 3134 sc.
595 3084 627 3132 ut
659 3076 784 3133 exterius
813 3074 885 3151 quid
912 3075 1045 3133 additum
1072 3076 1215 3133 mirentur

162 3178 341 3237 amissumue
362 3174 432 3252 quid
452 3173 576 3244 doleant,
592 3174 725 3249 quaedam
748 3192 784 3232 ex
805 3173 896 3250 signis
916 3172 1035 3232 Zodiaci
1057 3175 1214 3250 patiuntur,

162 3294 234 3336 cum
254 3275 300 3333 uel
322 3285 432 3350 partem
454 3272 498 3330 sui
517 3272 649 3343 recisam,
664 3273 713 3330 uel
734 3274 867 3330 membra
889 3272 1021 3330 diuersae
1042 3280 1162 3330 naturae
1184 3272 1215 3329 in

161 3392 256 3433 unum
277 3390 383 3448 corpus
404 3370 562 3430 coniuncta
583 3370 719 3429 habeant.
762 3369 905 3446 Loquitur
924 3369 1063 3428 Manilius
1079 3370 1116 3428 de
1136 3369 1215 3445 Cap-

160 3473 280 3533 ricorno
300 3481 329 3530 et
353 3469 516 3546 Sagittario,
542 3468 593 3545 qui
618 3470 706 3527 ambo
731 3477 799 3527 sunt
823 3479 905 3544 parte
932 3469 976 3526 sui
1001 3469 1100 3538 recisa,
1125 3469 1215 3526 ambo

160 3570 303 3630 membris
324 3588 360 3628 ex
382 3569 478 3658 aliqna
496 3576 598 3626 natura
620 3568 781 3644 conpactis‚
803 3567 1002 3642 Capricornus
1024 3586 1059 3626 ex
1081 3584 1168 3642 capro
1187 3575 1215 3624 et

160 3670 252 3748 pisce,
269 3668 441 3746 Sagittarius
455 3687 491 3727 ex
506 3666 625 3726 homine
640 3679 668 3725 et
683 3666 752 3736 sero.

489 3846 503 3881 *
520 3847 636 3914 adspersa
647 3847 817 3912 Rossbergiuu

684 3951 706 3994 D
