2760 4448
162 263 203 349 38
472 275 621 326 macras
640 274 891 326 naararnnna

162 434 324 510 suspicatus
346 451 410 492 sum
434 442 582 492 extrusum
605 432 735 493 similiter
756 432 812 494 III.
835 452 880 492 11.
903 448 920 508 5
943 432 1093 493 Venturam
1115 430 1216 491 metens

156 533 308 608 praesagit
326 533 425 590 nautia
447 533 549 602 molem,
568 532 619 590 ubi
639 538 752 590 marten
770 531 817 592 uel
836 539 939 590 noctem
957 531 1067 591 habent
1085 530 1214 591 codices.

163 632 245 689 males
265 630 402 706 frequens
426 629 505 706 apud
524 628 688 703 Manilium,
703 628 728 688 1.
743 633 802 705 478
821 629 883 690 Nec
907 632 1056 706 quicquam
1081 630 1112 688 in
1133 634 1216 687 tanta

163 731 255 805 magis
281 733 322 786 est
347 728 476 786 mirabile
498 727 572 794 male,
596 727 635 786 ΙΙ.
661 730 697 786 62
727 727 869 805 Ingentem
893 729 1007 805 aequali
1031 728 1216 786 moderantem

151 828 267 904 saedere
285 827 389 896 malem,
404 827 541 903 quodque
562 825 740 886 simillimum
760 838 813 899 est,
827 827 851 885 1.
868 841 925 903 207
949 825 1075 885 Vicinam
1098 843 1138 884 ex
1160 825 1217 883 alta

164 925 429 1001 mnndr'cagnascere
443 925 536 983 malem
550 923 682 983 Intendit
723 924 762 983 Et
780 923 828 985 hic
845 924 964 1004 quidem
979 922 1032 1004 (ΙΙ.
1048 922 1120 1002 205)
1136 923 1218 981 males

165 1034 243 1083 esset
256 1041 358 1082 cursus
373 1040 441 1081 cum
455 1022 615 1083 molimine.

206 1120 264 1180 Vu.
297 1133 434 1194 211-215
464 1131 552 1198 poeta
582 1120 652 1182 dicit
684 1121 711 1180 vi
742 1121 826 1200 signa
860 1120 1049 1197 Sagittarium
1081 1117 1218 1178 Leonem

166 1219 296 1279 Arietem
313 1219 411 1278 Pisces
433 1218 581 1279 Cancrum
603 1219 767 1296 Scorpium,
783 1226 835 1279 ant
853 1221 951 1279 uz'eina
971 1220 1037 1290 loca,
1051 1218 1146 1277 denaia
1167 1221 1222 1274 ant

159 1317 294 1396 partibas
307 1318 409 1393 aequit,
425 1317 527 1376 diurna
541 1315 649 1378 uocari.
692 1316 772 1378 Tum
787 1318 868 1378 addit

210 1416 352 1491 216,217

286 1513 392 1574 Cetera
412 1531 468 1573 nec
489 1531 612 1574 numero
633 1514 780 1575 consortia
802 1533 856 1574 nec
878 1513 943 1573 uice
964 1512 1039 1574 sedis

288 1611 444 1672 Interiectu
465 1611 537 1671 locis
558 1612 680 1672 totidem
701 1623 846 1674 nocturna
866 1612 1003 1672 feruntur.

167 1709 256 1788 Atqui
273 1717 369 1779 cetera,
390 1709 592 1787 Capricornus
613 1711 706 1788 Virgo
727 1712 843 1771 Taurus
865 1710 984 1771 Gemini
1006 1708 1096 1768 Libra
1116 1707 1220 1786 Aqua·

167 1809 235 1880 rius,
255 1818 284 1868 et
303 1828 415 1868 numera
432 1805 515 1887 (nam
530 1828 547 1885 3
562 1810 715 1887 signorum
729 1809 883 1872 interuallo
897 1810 970 1868 inter
984 1827 1015 1869 se
1034 1803 1219 1885 separantur)

165 1914 195 1966 et
214 1907 272 1965 urie
290 1908 362 1966 sedis
376 1904 458 1985 (nam
478 1925 537 1984 qua
554 1909 666 1968 ratione
685 1908 871 1986 Sagittarium
886 1905 958 1979 Le0,
975 1905 1109 1967 Leonem
1123 1904 1219 1978 Aries,

167 2005 298 2064 Arietem
319 2004 427 2077 Pisces
450 2005 549 2066 Pisces
570 2006 694 2080 Cancer,
717 2007 866 2068 Cancrum
888 2005 1026 2083 Scorpios
1047 2003 1164 2080 excipit,
1186 2011 1221 2060 ut

70 2097 73 2103 ⁴
168 2101 325 2180 Sagittario
341 2102 486 2180 Scorpios,
498 2102 592 2165 Leoni
608 2105 730 2180 Cancer,
743 2106 833 2165 Arieti
847 2105 946 2164 Pisces
958 2103 1035 2162 sedis
1046 2101 1221 2179 propinqui·

166 2210 224 2260 tate
245 2202 451 2278 respondeant,
467 2203 572 2262 eadem
591 2215 688 2264 cetera
708 2203 773 2282 sex)
794 2204 875 2281 paria
897 2203 958 2262 siue
977 2201 1124 2261 consortia
1142 2207 1222 2258 sunt.

166 2299 331 2359 Luculente
345 2300 375 2359 id
389 2301 518 2360 ostendit
539 2300 682 2362 Breiterus
696 2303 727 2360 in
742 2301 966 2363 NouAnnalib.
982 2299 1085 2358 Philol.
1100 2317 1127 2357 a.
1142 2299 1221 2372 1889

166 2416 216 2476 pp.
234 2401 301 2474 298,
318 2417 336 2475 9
351 2397 450 2457 addito
464 2398 674 2475 diagrammate
685 2399 710 2458 *.
752 2400 790 2461 Et
803 2400 851 2459 hic
866 2399 985 2477 quidem
999 2395 1118 2473 corrigit

291 2494 396 2555 Cetera
416 2497 463 2555 uel
480 2514 603 2559 numero
623 2500 770 2559 consortia
789 2501 836 2558 nel
853 2499 917 2558 uice
938 2495 1024 2557 sedis.

167 2591 245 2652 Mihi
265 2594 454 2653 scribendum
473 2593 588 2655 uidetur
607 2607 656 2657 aut
697 2597 802 2659 Cetera
822 2616 897 2656 nune
913 2615 942 2655 n.
958 2614 983 2654 c.
998 2613 1072 2653 nunc
1089 2611 1119 2650 u.
1134 2609 1158 2652 s.
1172 2599 1224 2651 aut

167 2691 250 2772 quod
263 2691 450 2768 uerisimilius
463 2692 558 2754 habeo

293 2787 398 2849 Cetera
419 2808 474 2850 nec
496 2809 525 2850 n.
547 2792 682 2853 deitartia
702 2813 759 2855 nec
779 2812 808 2853 u.
829 2812 852 2854 s.

171 2886 305 2959 Discors,
318 2887 399 2964 quod
409 2891 532 2949 uerbum
544 2890 685 2952 Heinsius
695 2893 733 2952 ad
743 2892 841 2953 Sabin.
850 2891 943 2970 Epist.
954 2890 974 2950 i.
985 2908 1002 2966 3
1006 2903 1024 2965 5
1036 2885 1135 2947 multis
1148 2883 1224 2946 locis

201 3031 217 3065 ¹*
236 3031 338 3082 Breiteri
349 3033 399 3085 hoc
409 3035 565 3102 diagramma
575 3044 628 3089 est:

269 3127 290 3164 1.
308 3115 412 3167 Diuma.

282 3212 651 3329 sandius-domi..
672 3277 682 3322 r
704 3198 1106 3329 riis-caia-sassm

270 3577 291 3612 a.
310 3561 450 3613 Nocturna.

226 3643 670 3776 Capissomus-virgo-Tiurus
692 3720 702 3765 tt
725 3650 1133 3776 GeAini-Libra-Aqiirius.
