<?xml version="1.0" encoding="UTF-8"?>
<!DOCTYPE html PUBLIC "-//W3C//DTD XHTML 1.0 Transitional//EN"
    "http://www.w3.org/TR/xhtml1/DTD/xhtml1-transitional.dtd">
<html xmlns="http://www.w3.org/1999/xhtml" xml:lang="en" lang="en">
 <head>
  <title>
</title>
<meta http-equiv="Content-Type" content="text/html;charset=utf-8" />
  <meta name='ocr-system' content='tesseract 3.04.00' />
  <meta name='ocr-capabilities' content='ocr_page ocr_carea ocr_par ocr_line ocrx_word'/>
</head>
<body>
  <div class='ocr_page' id='page_1' title='image "./noctesmaniliana00elligoog/noctesmaniliana00elligoog_0122.png"; bbox 0 0 2760 4448; ppageno 0'>
   <div class='ocr_carea' id='block_1_1' title="bbox 682 286 1214 341">
    <p class='ocr_par' dir='ltr' id='par_1_1' title="bbox 682 286 1214 341">
     <span class='ocr_line' id='line_1_1' title="bbox 682 286 1214 341; baseline 0.002 -1"><span class='ocrx_word' id='word_1_1' title='bbox 682 286 733 340; x_wconf 79' lang='lat' dir='ltr'><strong>tlt</strong></span> <span class='ocrx_word' id='word_1_2' title='bbox 1154 295 1214 341; x_wconf 91' lang='lat'><strong>101</strong></span> 
     </span>
    </p>
   </div>
   <div class='ocr_carea' id='block_1_2' title="bbox 161 447 1220 3972">
    <p class='ocr_par' dir='ltr' id='par_1_2' title="bbox 163 447 1219 1803">
     <span class='ocr_line' id='line_1_2' title="bbox 163 447 1217 526; baseline 0 -18"><span class='ocrx_word' id='word_1_3' title='bbox 163 467 218 526; x_wconf 83' lang='lat' dir='ltr'><strong>qne</strong></span> <span class='ocrx_word' id='word_1_4' title='bbox 238 450 283 508; x_wconf 91' lang='lat' dir='ltr'><strong>sui</strong></span> <span class='ocrx_word' id='word_1_5' title='bbox 304 468 441 508; x_wconf 82' lang='lat' dir='ltr'><strong>summanr</strong></span> <span class='ocrx_word' id='word_1_6' title='bbox 466 451 666 526; x_wconf 76' lang='lat' dir='ltr'><em>relinquentem,</em></span> <span class='ocrx_word' id='word_1_7' title='bbox 686 447 716 507; x_wconf 94' lang='lat' dir='ltr'><strong>id</strong></span> <span class='ocrx_word' id='word_1_8' title='bbox 735 447 845 508; x_wconf 87' lang='lat' dir='ltr'><strong>scilicet</strong></span> <span class='ocrx_word' id='word_1_9' title='bbox 866 447 1015 508; x_wconf 85' lang='lat' dir='ltr'><strong>adfectans</strong></span> <span class='ocrx_word' id='word_1_10' title='bbox 1036 458 1068 509; x_wconf 89' lang='lat' dir='ltr'><strong>ut</strong></span> <span class='ocrx_word' id='word_1_11' title='bbox 1086 448 1217 526; x_wconf 90' lang='lat' dir='ltr'><strong>legentes</strong></span> 
     </span>
     <span class='ocr_line' id='line_1_3' title="bbox 164 548 1218 619; baseline -0.004 -11"><span class='ocrx_word' id='word_1_12' title='bbox 164 551 337 608; x_wconf 83' lang='lat' dir='ltr'><strong>admoneret</strong></span> <span class='ocrx_word' id='word_1_13' title='bbox 358 549 566 607; x_wconf 87' lang='lat' dir='ltr'>astronomiam</span> <span class='ocrx_word' id='word_1_14' title='bbox 583 548 613 606; x_wconf 91' lang='lat' dir='ltr'><strong>in</strong></span> <span class='ocrx_word' id='word_1_15' title='bbox 627 548 745 607; x_wconf 90' lang='lat' dir='ltr'><strong>calculis</strong></span> <span class='ocrx_word' id='word_1_16' title='bbox 766 557 795 607; x_wconf 92' lang='lat' dir='ltr'><strong>et</strong></span> <span class='ocrx_word' id='word_1_17' title='bbox 816 549 1017 608; x_wconf 83' lang='lat' dir='ltr'><strong>numeratione</strong></span> <span class='ocrx_word' id='word_1_18' title='bbox 1036 548 1152 619; x_wconf 88' lang='lat' dir='ltr'><strong>uersari,</strong></span> <span class='ocrx_word' id='word_1_19' title='bbox 1168 565 1218 605; x_wconf 91' lang='lat' dir='ltr'><strong>ne-</strong></span> 
     </span>
     <span class='ocr_line' id='line_1_4' title="bbox 164 645 1218 724; baseline -0.002 -20"><span class='ocrx_word' id='word_1_20' title='bbox 164 666 224 723; x_wconf 93' lang='lat' dir='ltr'><strong>que</strong></span> <span class='ocrx_word' id='word_1_21' title='bbox 238 664 325 724; x_wconf 92' lang='lat' dir='ltr'><strong>posse</strong></span> <span class='ocrx_word' id='word_1_22' title='bbox 339 663 407 705; x_wconf 91' lang='lat' dir='ltr'><strong>eum</strong></span> <span class='ocrx_word' id='word_1_23' title='bbox 416 647 466 723; x_wconf 93' lang='lat' dir='ltr'><strong>qui</strong></span> <span class='ocrx_word' id='word_1_24' title='bbox 480 645 553 705; x_wconf 91' lang='lat' dir='ltr'><strong>haec</strong></span> <span class='ocrx_word' id='word_1_25' title='bbox 568 646 734 723; x_wconf 86' lang='lat' dir='ltr'><strong>negligeret,</strong></span> <span class='ocrx_word' id='word_1_26' title='bbox 749 647 787 705; x_wconf 87' lang='lat' dir='ltr'><strong>ad</strong></span> <span class='ocrx_word' id='word_1_27' title='bbox 801 646 1003 723; x_wconf 85' lang='lat' dir='ltr'><strong>genethliacon</strong></span> <span class='ocrx_word' id='word_1_28' title='bbox 1018 657 1047 706; x_wconf 89' lang='lat' dir='ltr'><strong>et</strong></span> <span class='ocrx_word' id='word_1_29' title='bbox 1060 645 1218 720; x_wconf 87' lang='lat' dir='ltr'><strong>horoscopi</strong></span> 
     </span>
     <span class='ocr_line' id='line_1_5' title="bbox 164 743 1216 822; baseline 0 -20"><span class='ocrx_word' id='word_1_30' title='bbox 164 763 267 803; x_wconf 89' lang='lat' dir='ltr'><strong>ueram</strong></span> <span class='ocrx_word' id='word_1_31' title='bbox 281 745 528 821; x_wconf 88' lang='lat' dir='ltr'><strong>computationem</strong></span> <span class='ocrx_word' id='word_1_32' title='bbox 542 745 714 821; x_wconf 83' lang='lat' dir='ltr'><strong>peruenire?</strong></span> <span class='ocrx_word' id='word_1_33' title='bbox 737 743 795 804; x_wconf 93' lang='lat' dir='ltr'><strong>Pro</strong></span> <span class='ocrx_word' id='word_1_34' title='bbox 803 747 918 821; x_wconf 85' lang='lat' dir='ltr'><strong>reliquit</strong></span> <span class='ocrx_word' id='word_1_35' title='bbox 927 745 1007 822; x_wconf 91' lang='lat' dir='ltr'><strong>quod</strong></span> <span class='ocrx_word' id='word_1_36' title='bbox 1021 763 1089 804; x_wconf 88' lang='lat' dir='ltr'><strong>cum</strong></span> <span class='ocrx_word' id='word_1_37' title='bbox 1100 743 1216 803; x_wconf 87' lang='lat' dir='ltr'><strong>Gembl.</strong></span> 
     </span>
     <span class='ocr_line' id='line_1_6' title="bbox 164 841 1218 919; baseline 0.001 -20"><span class='ocrx_word' id='word_1_38' title='bbox 164 852 294 919; x_wconf 85' lang='lat' dir='ltr'><strong>praestat</strong></span> <span class='ocrx_word' id='word_1_39' title='bbox 314 843 401 901; x_wconf 89' lang='lat' dir='ltr'><strong>etiam</strong></span> <span class='ocrx_word' id='word_1_40' title='bbox 424 842 567 916; x_wconf 88' lang='lat' dir='ltr'><strong>Cusanus,</strong></span> <span class='ocrx_word' id='word_1_41' title='bbox 590 841 740 901; x_wconf 89' lang='lat' dir='ltr'><strong>Bentleius</strong></span> <span class='ocrx_word' id='word_1_42' title='bbox 762 862 798 901; x_wconf 88' lang='lat' dir='ltr'><strong>ex</strong></span> <span class='ocrx_word' id='word_1_43' title='bbox 822 844 936 903; x_wconf 93' lang='lat' dir='ltr'><strong>duobus</strong></span> <span class='ocrx_word' id='word_1_44' title='bbox 955 842 1107 902; x_wconf 89' lang='lat' dir='ltr'><strong>Vossianis</strong></span> <span class='ocrx_word' id='word_1_45' title='bbox 1129 842 1218 900; x_wconf 90' lang='lat' dir='ltr'><strong>edidit</strong></span> 
     </span>
     <span class='ocr_line' id='line_1_7' title="bbox 165 939 1219 1017; baseline 0.002 -19"><span class='ocrx_word' id='word_1_46' title='bbox 165 942 307 1016; x_wconf 83' lang='lat' dir='ltr'><strong>relnnqnn&#39;t,</strong></span> <span class='ocrx_word' id='word_1_47' title='bbox 336 940 464 999; x_wconf 88' lang='lat' dir='ltr'><strong>Iacobus</strong></span> <span class='ocrx_word' id='word_1_48' title='bbox 491 941 631 1016; x_wconf 82' lang='lat' dir='ltr'><strong>relinquet.</strong></span> <span class='ocrx_word' id='word_1_49' title='bbox 685 939 760 998; x_wconf 91' lang='lat' dir='ltr'><strong>Mihi</strong></span> <span class='ocrx_word' id='word_1_50' title='bbox 788 951 838 999; x_wconf 88' lang='lat' dir='ltr'><strong>aut</strong></span> <span class='ocrx_word' id='word_1_51' title='bbox 866 941 923 1000; x_wconf 94' lang='lat' dir='ltr'><strong>hoc</strong></span> <span class='ocrx_word' id='word_1_52' title='bbox 951 941 1158 1017; x_wconf 91' lang='lat' dir='ltr'><strong>recipiendum,</strong></span> <span class='ocrx_word' id='word_1_53' title='bbox 1186 951 1219 1000; x_wconf 91' lang='lat' dir='ltr'><strong>ut</strong></span> 
     </span>
     <span class='ocr_line' id='line_1_8' title="bbox 164 1036 1217 1118; baseline -0.001 -21"><span class='ocrx_word' id='word_1_54' title='bbox 164 1039 363 1116; x_wconf 88' lang='lat' dir='ltr'><strong>respondeant</strong></span> <span class='ocrx_word' id='word_1_55' title='bbox 376 1039 451 1097; x_wconf 90' lang='lat' dir='ltr'><strong>inter</strong></span> <span class='ocrx_word' id='word_1_56' title='bbox 466 1057 497 1097; x_wconf 91' lang='lat' dir='ltr'><strong>se</strong></span> <span class='ocrx_word' id='word_1_57' title='bbox 510 1039 638 1096; x_wconf 72' lang='lat' dir='ltr'><strong>snbsrhtet</strong></span> <span class='ocrx_word' id='word_1_58' title='bbox 649 1040 784 1114; x_wconf 77' lang='lat' dir='ltr'><strong>relinquet</strong></span> <span class='ocrx_word' id='word_1_59' title='bbox 793 1037 846 1118; x_wconf 91' lang='lat' dir='ltr'><strong>(sic</strong></span> <span class='ocrx_word' id='word_1_60' title='bbox 860 1042 954 1097; x_wconf 86' lang='lat' dir='ltr'><strong>cnrrr&#39;t</strong></span> <span class='ocrx_word' id='word_1_61' title='bbox 965 1057 1018 1116; x_wconf 94' lang='lat' dir='ltr'><strong>pro</strong></span> <span class='ocrx_word' id='word_1_62' title='bbox 1032 1046 1129 1097; x_wconf 85' lang='lat' dir='ltr'><strong>curret</strong></span> <span class='ocrx_word' id='word_1_63' title='bbox 1135 1036 1217 1113; x_wconf 72' lang='lat'>361),</span> 
     </span>
     <span class='ocr_line' id='line_1_9' title="bbox 164 1136 1218 1214; baseline 0.001 -20"><span class='ocrx_word' id='word_1_64' title='bbox 164 1148 216 1195; x_wconf 85' lang='lat' dir='ltr'><strong>aut</strong></span> <span class='ocrx_word' id='word_1_65' title='bbox 230 1138 343 1212; x_wconf 85' lang='lat' dir='ltr'><strong>rele&#39;qne&#39;t</strong></span> <span class='ocrx_word' id='word_1_66' title='bbox 358 1136 471 1195; x_wconf 90' lang='lat' dir='ltr'><strong>uidetur</strong></span> <span class='ocrx_word' id='word_1_67' title='bbox 486 1136 671 1195; x_wconf 89' lang='lat' dir='ltr'><strong>scribendum</strong></span> <span class='ocrx_word' id='word_1_68' title='bbox 692 1138 851 1196; x_wconf 88' lang='lat' dir='ltr'><strong>secundum</strong></span> <span class='ocrx_word' id='word_1_69' title='bbox 870 1137 994 1209; x_wconf 91' lang='lat' dir='ltr'><strong>Gembl.,</strong></span> <span class='ocrx_word' id='word_1_70' title='bbox 1013 1137 1097 1214; x_wconf 88' lang='lat' dir='ltr'><strong>quasi</strong></span> <span class='ocrx_word' id='word_1_71' title='bbox 1116 1137 1218 1195; x_wconf 84' lang='lat' dir='ltr'><strong>dixerit</strong></span> 
     </span>
     <span class='ocr_line' id='line_1_10' title="bbox 165 1234 1218 1312; baseline -0.002 -18"><span class='ocrx_word' id='word_1_72' title='bbox 165 1235 314 1306; x_wconf 88' lang='lat' dir='ltr'><strong>Mauihus,</strong></span> <span class='ocrx_word' id='word_1_73' title='bbox 327 1234 395 1306; x_wconf 89' lang='lat' dir='ltr'><strong>Qua</strong></span> <span class='ocrx_word' id='word_1_74' title='bbox 406 1235 436 1292; x_wconf 91' lang='lat' dir='ltr'><strong>in</strong></span> <span class='ocrx_word' id='word_1_75' title='bbox 445 1245 527 1310; x_wconf 90' lang='lat' dir='ltr'><strong>parte</strong></span> <span class='ocrx_word' id='word_1_76' title='bbox 537 1252 683 1292; x_wconf 89' lang='lat' dir='ltr'><strong>summam</strong></span> <span class='ocrx_word' id='word_1_77' title='bbox 696 1253 777 1293; x_wconf 86' lang='lat' dir='ltr'><strong>suam</strong></span> <span class='ocrx_word' id='word_1_78' title='bbox 788 1235 931 1312; x_wconf 88' lang='lat' dir='ltr'><strong>reliquerit</strong></span> <span class='ocrx_word' id='word_1_79' title='bbox 940 1253 1079 1294; x_wconf 90' lang='lat' dir='ltr'><strong>numerus</strong></span> <span class='ocrx_word' id='word_1_80' title='bbox 1090 1245 1177 1311; x_wconf 88' lang='lat' dir='ltr'><strong>atque</strong></span> <span class='ocrx_word' id='word_1_81' title='bbox 1186 1236 1218 1292; x_wconf 88' lang='lat' dir='ltr'><strong>in</strong></span> 
     </span>
     <span class='ocr_line' id='line_1_11' title="bbox 164 1332 1216 1410; baseline -0.001 -19"><span class='ocrx_word' id='word_1_82' title='bbox 164 1353 203 1392; x_wconf 94' lang='lat' dir='ltr'><strong>eo</strong></span> <span class='ocrx_word' id='word_1_83' title='bbox 212 1344 290 1392; x_wconf 89' lang='lat' dir='ltr'><strong>astro</strong></span> <span class='ocrx_word' id='word_1_84' title='bbox 302 1343 363 1391; x_wconf 87' lang='lat' dir='ltr'><strong>tum</strong></span> <span class='ocrx_word' id='word_1_85' title='bbox 373 1333 526 1405; x_wconf 83' lang='lat' dir='ltr'><strong>subsistet3</strong></span> <span class='ocrx_word' id='word_1_86' title='bbox 548 1341 580 1390; x_wconf 89' lang='lat' dir='ltr'><strong>ut</strong></span> <span class='ocrx_word' id='word_1_87' title='bbox 588 1333 731 1408; x_wconf 86' lang='lat' dir='ltr'><strong>posterius</strong></span> <span class='ocrx_word' id='word_1_88' title='bbox 742 1334 869 1409; x_wconf 90' lang='lat' dir='ltr'><strong>positum</strong></span> <span class='ocrx_word' id='word_1_89' title='bbox 882 1334 916 1391; x_wconf 91' lang='lat' dir='ltr'><strong>sit</strong></span> <span class='ocrx_word' id='word_1_90' title='bbox 925 1334 1006 1410; x_wconf 89' lang='lat' dir='ltr'><strong>quod</strong></span> <span class='ocrx_word' id='word_1_91' title='bbox 1017 1334 1096 1409; x_wconf 89' lang='lat' dir='ltr'><strong>prius</strong></span> <span class='ocrx_word' id='word_1_92' title='bbox 1107 1332 1216 1392; x_wconf 84' lang='lat' dir='ltr'><strong>factum</strong></span> 
     </span>
     <span class='ocr_line' id='line_1_12' title="bbox 163 1431 1179 1510; baseline -0.002 -19"><span class='ocrx_word' id='word_1_93' title='bbox 163 1442 219 1504; x_wconf 90' lang='lat' dir='ltr'><strong>est,</strong></span> <span class='ocrx_word' id='word_1_94' title='bbox 235 1432 376 1490; x_wconf 90' lang='lat' dir='ltr'><strong>sententia</strong></span> <span class='ocrx_word' id='word_1_95' title='bbox 390 1441 487 1488; x_wconf 88' lang='lat' dir='ltr'><strong>autem</strong></span> <span class='ocrx_word' id='word_1_96' title='bbox 500 1450 553 1507; x_wconf 93' lang='lat' dir='ltr'><strong>per</strong></span> <span class='ocrx_word' id='word_1_97' title='bbox 567 1431 706 1506; x_wconf 84' lang='lat' dir='ltr'><strong>hysteron</strong></span> <span class='ocrx_word' id='word_1_98' title='bbox 720 1442 858 1508; x_wconf 89' lang='lat' dir='ltr'><strong>proteron</strong></span> <span class='ocrx_word' id='word_1_99' title='bbox 873 1432 1021 1509; x_wconf 88' lang='lat' dir='ltr'><strong>quoddam</strong></span> <span class='ocrx_word' id='word_1_100' title='bbox 1035 1431 1179 1510; x_wconf 84' lang='lat' dir='ltr'><strong>efferatur.</strong></span> 
     </span>
     <span class='ocr_line' id='line_1_13' title="bbox 206 1529 556 1605; baseline -0.003 -16"><span class='ocrx_word' id='word_1_101' title='bbox 206 1549 256 1589; x_wconf 92' lang='lat' dir='ltr'><strong>uu.</strong></span> <span class='ocrx_word' id='word_1_102' title='bbox 272 1542 339 1604; x_wconf 84' lang='lat'>497,</span> <span class='ocrx_word' id='word_1_103' title='bbox 356 1532 373 1586; x_wconf 87' lang='lat'>8</span> <span class='ocrx_word' id='word_1_104' title='bbox 389 1529 429 1586; x_wconf 90' lang='lat' dir='ltr'><strong>sic</strong></span> <span class='ocrx_word' id='word_1_105' title='bbox 444 1529 556 1605; x_wconf 83' lang='lat' dir='ltr'><strong>retingo</strong></span> 
     </span>
     <span class='ocr_line' id='line_1_14' title="bbox 288 1625 1122 1706; baseline 0.005 -22"><span class='ocrx_word' id='word_1_106' title='bbox 288 1628 373 1685; x_wconf 88' lang='lat' dir='ltr'><strong>Haec</strong></span> <span class='ocrx_word' id='word_1_107' title='bbox 394 1627 447 1685; x_wconf 92' lang='lat' dir='ltr'><strong>erit</strong></span> <span class='ocrx_word' id='word_1_108' title='bbox 467 1628 611 1686; x_wconf 90' lang='lat' dir='ltr'><strong>exoriens.</strong></span> <span class='ocrx_word' id='word_1_109' title='bbox 652 1625 690 1685; x_wconf 89' lang='lat' dir='ltr'><strong>Et</strong></span> <span class='ocrx_word' id='word_1_110' title='bbox 712 1647 766 1704; x_wconf 88' lang='lat' dir='ltr'><strong>par</strong></span> <span class='ocrx_word' id='word_1_111' title='bbox 786 1627 822 1687; x_wconf 89' lang='lat' dir='ltr'><strong>sit</strong></span> <span class='ocrx_word' id='word_1_112' title='bbox 842 1627 944 1700; x_wconf 88' lang='lat' dir='ltr'><strong>forma,</strong></span> <span class='ocrx_word' id='word_1_113' title='bbox 966 1648 1019 1706; x_wconf 92' lang='lat' dir='ltr'><strong>per</strong></span> <span class='ocrx_word' id='word_1_114' title='bbox 1038 1629 1122 1704; x_wconf 89' lang='lat' dir='ltr'><strong>ignes</strong></span> 
     </span>
     <span class='ocr_line' id='line_1_15' title="bbox 289 1725 1084 1803; baseline 0.001 -19"><span class='ocrx_word' id='word_1_115' title='bbox 289 1725 366 1784; x_wconf 88' lang='lat' dir='ltr'><strong>Cum</strong></span> <span class='ocrx_word' id='word_1_116' title='bbox 385 1735 483 1784; x_wconf 90' lang='lat' dir='ltr'><strong>teneat</strong></span> <span class='ocrx_word' id='word_1_117' title='bbox 503 1735 609 1803; x_wconf 90' lang='lat' dir='ltr'><strong>partes.</strong></span> <span class='ocrx_word' id='word_1_118' title='bbox 651 1725 710 1784; x_wconf 89' lang='lat' dir='ltr'><strong>Vbi</strong></span> <span class='ocrx_word' id='word_1_119' title='bbox 731 1745 846 1786; x_wconf 88' lang='lat' dir='ltr'><strong>summa</strong></span> <span class='ocrx_word' id='word_1_120' title='bbox 866 1728 964 1786; x_wconf 88' lang='lat' dir='ltr'><strong>feeerit</strong></span> <span class='ocrx_word' id='word_1_121' title='bbox 983 1746 1084 1800; x_wconf 91' lang='lat' dir='ltr'><strong>unum,</strong></span> 
     </span>
    </p>

    <p class='ocr_par' dir='ltr' id='par_1_3' title="bbox 163 1819 1218 2396">
     <span class='ocr_line' id='line_1_16' title="bbox 163 1819 1217 1902; baseline 0 -20"><span class='ocrx_word' id='word_1_122' title='bbox 163 1824 193 1883; x_wconf 94' lang='lat' dir='ltr'><strong>h.</strong></span> <span class='ocrx_word' id='word_1_123' title='bbox 205 1844 230 1884; x_wconf 93' lang='lat' dir='ltr'><strong>e.</strong></span> <span class='ocrx_word' id='word_1_124' title='bbox 246 1823 318 1883; x_wconf 85' lang='lat' dir='ltr'><strong>haec</strong></span> <span class='ocrx_word' id='word_1_125' title='bbox 333 1819 424 1901; x_wconf 90' lang='lat' dir='ltr'><strong>(pars)</strong></span> <span class='ocrx_word' id='word_1_126' title='bbox 439 1836 501 1881; x_wconf 90' lang='lat' dir='ltr'><strong>tum</strong></span> <span class='ocrx_word' id='word_1_127' title='bbox 516 1825 569 1883; x_wconf 90' lang='lat' dir='ltr'><strong>erit</strong></span> <span class='ocrx_word' id='word_1_128' title='bbox 582 1826 725 1885; x_wconf 88' lang='lat' dir='ltr'><strong>exoriens.</strong></span> <span class='ocrx_word' id='word_1_129' title='bbox 769 1825 870 1902; x_wconf 86' lang='lat' dir='ltr'><strong>Sitque</strong></span> <span class='ocrx_word' id='word_1_130' title='bbox 890 1827 988 1884; x_wconf 89' lang='lat' dir='ltr'><strong>similis</strong></span> <span class='ocrx_word' id='word_1_131' title='bbox 1003 1827 1076 1885; x_wconf 91' lang='lat' dir='ltr'><strong>ratio</strong></span> <span class='ocrx_word' id='word_1_132' title='bbox 1095 1843 1217 1901; x_wconf 90' lang='lat' dir='ltr'><strong>compu-</strong></span> 
     </span>
     <span class='ocr_line' id='line_1_17' title="bbox 164 1921 1218 2003; baseline -0.001 -21"><span class='ocrx_word' id='word_1_133' title='bbox 164 1923 255 1993; x_wconf 87' lang='lat' dir='ltr'><strong>tandi,</strong></span> <span class='ocrx_word' id='word_1_134' title='bbox 285 1923 399 1999; x_wconf 91' lang='lat' dir='ltr'><strong>quoties</strong></span> <span class='ocrx_word' id='word_1_135' title='bbox 427 1940 462 1980; x_wconf 89' lang='lat' dir='ltr'><strong>ea</strong></span> <span class='ocrx_word' id='word_1_136' title='bbox 492 1933 588 2000; x_wconf 87' lang='lat' dir='ltr'><strong>partes</strong></span> <span class='ocrx_word' id='word_1_137' title='bbox 619 1934 697 1983; x_wconf 92' lang='lat' dir='ltr'><strong>tenet</strong></span> <span class='ocrx_word' id='word_1_138' title='bbox 726 1921 896 2001; x_wconf 85' lang='lat' dir='ltr'><strong>(ascertains</strong></span> <span class='ocrx_word' id='word_1_139' title='bbox 926 1924 976 1983; x_wconf 90' lang='lat' dir='ltr'><strong>the</strong></span> <span class='ocrx_word' id='word_1_140' title='bbox 1004 1922 1136 2003; x_wconf 89' lang='lat' dir='ltr'><strong>degrees)</strong></span> <span class='ocrx_word' id='word_1_141' title='bbox 1165 1942 1218 2000; x_wconf 90' lang='lat' dir='ltr'><strong>per</strong></span> 
     </span>
     <span class='ocr_line' id='line_1_18' title="bbox 163 2021 1217 2098; baseline 0.001 -19"><span class='ocrx_word' id='word_1_142' title='bbox 163 2033 308 2080; x_wconf 90' lang='lat' dir='ltr'><strong>nocturna</strong></span> <span class='ocrx_word' id='word_1_143' title='bbox 327 2021 430 2093; x_wconf 86' lang='lat' dir='ltr'><strong>sidera,</strong></span> <span class='ocrx_word' id='word_1_144' title='bbox 446 2021 507 2081; x_wconf 91' lang='lat' dir='ltr'><strong>siue</strong></span> <span class='ocrx_word' id='word_1_145' title='bbox 522 2023 560 2081; x_wconf 90' lang='lat' dir='ltr'><strong>ad</strong></span> <span class='ocrx_word' id='word_1_146' title='bbox 576 2023 698 2098; x_wconf 89' lang='lat' dir='ltr'><strong>genesin</strong></span> <span class='ocrx_word' id='word_1_147' title='bbox 713 2022 908 2082; x_wconf 89' lang='lat' dir='ltr'><strong>definiendam</strong></span> <span class='ocrx_word' id='word_1_148' title='bbox 927 2032 1031 2096; x_wconf 85' lang='lat' dir='ltr'><strong>noctu3</strong></span> <span class='ocrx_word' id='word_1_149' title='bbox 1060 2023 1118 2080; x_wconf 89' lang='lat' dir='ltr'><strong>iam</strong></span> <span class='ocrx_word' id='word_1_150' title='bbox 1137 2023 1217 2080; x_wconf 89' lang='lat' dir='ltr'><strong>enim</strong></span> 
     </span>
     <span class='ocr_line' id='line_1_19' title="bbox 164 2118 1216 2197; baseline 0.001 -21"><span class='ocrx_word' id='word_1_151' title='bbox 164 2118 202 2176; x_wconf 89' lang='lat' dir='ltr'><strong>de</strong></span> <span class='ocrx_word' id='word_1_152' title='bbox 224 2119 335 2177; x_wconf 86' lang='lat' dir='ltr'><strong>diurnis</strong></span> <span class='ocrx_word' id='word_1_153' title='bbox 355 2120 494 2195; x_wconf 86' lang='lat' dir='ltr'><strong>genituris</strong></span> <span class='ocrx_word' id='word_1_154' title='bbox 511 2121 582 2180; x_wconf 84' lang='lat' dir='ltr'><strong>dixit</strong></span> <span class='ocrx_word' id='word_1_155' title='bbox 598 2125 655 2194; x_wconf 86' lang='lat'><strong>485</strong></span> <span class='ocrx_word' id='word_1_156' title='bbox 675 2127 757 2196; x_wconf 84' lang='lat' dir='ltr'><strong>quoto</strong></span> <span class='ocrx_word' id='word_1_157' title='bbox 776 2123 816 2179; x_wconf 83' lang='lat' dir='ltr'><strong>rr&#39;t</strong></span> <span class='ocrx_word' id='word_1_158' title='bbox 832 2123 912 2192; x_wconf 82' lang='lat' dir='ltr'><strong>lnee&#39;s,</strong></span> <span class='ocrx_word' id='word_1_159' title='bbox 927 2123 957 2179; x_wconf 83' lang='lat' dir='ltr'><strong>si</strong></span> <span class='ocrx_word' id='word_1_160' title='bbox 972 2122 1031 2179; x_wconf 85' lang='lat' dir='ltr'><strong>luce</strong></span> <span class='ocrx_word' id='word_1_161' title='bbox 1051 2122 1216 2197; x_wconf 75' lang='lat' dir='ltr'><strong>requiritur,</strong></span> 
     </span>
     <span class='ocr_line' id='line_1_20' title="bbox 163 2217 1218 2298; baseline 0.001 -23"><span class='ocrx_word' id='word_1_162' title='bbox 163 2218 245 2275; x_wconf 78' lang='lat' dir='ltr'><strong>bora.</strong></span> <span class='ocrx_word' id='word_1_163' title='bbox 291 2217 383 2276; x_wconf 88' lang='lat' dir='ltr'><strong>Simul</strong></span> <span class='ocrx_word' id='word_1_164' title='bbox 401 2230 487 2295; x_wconf 83' lang='lat' dir='ltr'><strong>atque</strong></span> <span class='ocrx_word' id='word_1_165' title='bbox 504 2219 601 2278; x_wconf 88' lang='lat' dir='ltr'><strong>fecerit</strong></span> <span class='ocrx_word' id='word_1_166' title='bbox 622 2217 785 2298; x_wconf 82' lang='lat' dir='ltr'><strong>(numerus)</strong></span> <span class='ocrx_word' id='word_1_167' title='bbox 799 2236 890 2276; x_wconf 89' lang='lat' dir='ltr'><strong>unum</strong></span> <span class='ocrx_word' id='word_1_168' title='bbox 910 2229 1004 2278; x_wconf 89' lang='lat' dir='ltr'><strong>totum</strong></span> <span class='ocrx_word' id='word_1_169' title='bbox 1019 2219 1057 2277; x_wconf 92' lang='lat' dir='ltr'><strong>ad</strong></span> <span class='ocrx_word' id='word_1_170' title='bbox 1071 2237 1218 2277; x_wconf 90' lang='lat' dir='ltr'><strong>summam</strong></span> 
     </span>
     <span class='ocr_line' id='line_1_21' title="bbox 163 2312 1216 2396; baseline 0.004 -24"><span class='ocrx_word' id='word_1_171' title='bbox 163 2315 246 2392; x_wconf 92' lang='lat' dir='ltr'><strong>quod</strong></span> <span class='ocrx_word' id='word_1_172' title='bbox 260 2315 306 2386; x_wconf 89' lang='lat' dir='ltr'><strong>sit,</strong></span> <span class='ocrx_word' id='word_1_173' title='bbox 317 2312 414 2393; x_wconf 87' lang='lat' dir='ltr'><strong>(when</strong></span> <span class='ocrx_word' id='word_1_174' title='bbox 429 2316 478 2375; x_wconf 93' lang='lat' dir='ltr'><strong>the</strong></span> <span class='ocrx_word' id='word_1_175' title='bbox 491 2316 652 2393; x_wconf 88' lang='lat' dir='ltr'><strong>reckoning</strong></span> <span class='ocrx_word' id='word_1_176' title='bbox 665 2316 718 2375; x_wconf 89' lang='lat' dir='ltr'><strong>has</strong></span> <span class='ocrx_word' id='word_1_177' title='bbox 733 2316 874 2375; x_wconf 89' lang='lat' dir='ltr'><strong>mounted</strong></span> <span class='ocrx_word' id='word_1_178' title='bbox 888 2325 918 2376; x_wconf 92' lang='lat' dir='ltr'><strong>to</strong></span> <span class='ocrx_word' id='word_1_179' title='bbox 937 2336 955 2375; x_wconf 88' lang='lat' dir='ltr'><strong>a</strong></span> <span class='ocrx_word' id='word_1_180' title='bbox 972 2317 1115 2393; x_wconf 90' lang='lat' dir='ltr'><strong>complete</strong></span> <span class='ocrx_word' id='word_1_181' title='bbox 1130 2317 1216 2396; x_wconf 86' lang='lat' dir='ltr'><strong>sum).</strong></span> 
     </span>
    </p>

    <p class='ocr_par' dir='ltr' id='par_1_4' title="bbox 163 2413 1217 2591">
     <span class='ocr_line' id='line_1_22' title="bbox 205 2413 1217 2492; baseline 0.004 -20"><span class='ocrx_word' id='word_1_182' title='bbox 205 2413 266 2472; x_wconf 92' lang='lat' dir='ltr'><strong>Hic</strong></span> <span class='ocrx_word' id='word_1_183' title='bbox 287 2414 310 2472; x_wconf 92' lang='lat' dir='ltr'><strong>si</strong></span> <span class='ocrx_word' id='word_1_184' title='bbox 327 2414 425 2473; x_wconf 88' lang='lat' dir='ltr'><strong>durius</strong></span> <span class='ocrx_word' id='word_1_185' title='bbox 440 2415 526 2474; x_wconf 89' lang='lat' dir='ltr'><strong>alicui</strong></span> <span class='ocrx_word' id='word_1_186' title='bbox 545 2416 697 2490; x_wconf 83' lang='lat' dir='ltr'><strong>uidebitur,</strong></span> <span class='ocrx_word' id='word_1_187' title='bbox 714 2415 795 2492; x_wconf 93' lang='lat' dir='ltr'><strong>quod</strong></span> <span class='ocrx_word' id='word_1_188' title='bbox 813 2434 946 2474; x_wconf 84' lang='lat' dir='ltr'><strong>numerus</strong></span> <span class='ocrx_word' id='word_1_189' title='bbox 964 2434 1018 2492; x_wconf 89' lang='lat' dir='ltr'><strong>pro</strong></span> <span class='ocrx_word' id='word_1_190' title='bbox 1035 2417 1217 2476; x_wconf 83' lang='lat' dir='ltr'><strong>nominatiuo</strong></span> 
     </span>
     <span class='ocr_line' id='line_1_23' title="bbox 163 2512 1026 2591; baseline 0 -20"><span class='ocrx_word' id='word_1_191' title='bbox 163 2512 347 2588; x_wconf 88' lang='lat' dir='ltr'><strong>supplendus</strong></span> <span class='ocrx_word' id='word_1_192' title='bbox 360 2513 405 2584; x_wconf 90' lang='lat' dir='ltr'><strong>sit,</strong></span> <span class='ocrx_word' id='word_1_193' title='bbox 421 2514 535 2572; x_wconf 86' lang='lat' dir='ltr'><strong>scribat.</strong></span> <span class='ocrx_word' id='word_1_194' title='bbox 545 2513 617 2573; x_wconf 82' lang='lat' dir='ltr'><strong>Cnrn</strong></span> <span class='ocrx_word' id='word_1_195' title='bbox 632 2521 721 2572; x_wconf 82' lang='lat' dir='ltr'><strong>tenens</strong></span> <span class='ocrx_word' id='word_1_196' title='bbox 734 2523 761 2572; x_wconf 93' lang='lat' dir='ltr'><strong>et</strong></span> <span class='ocrx_word' id='word_1_197' title='bbox 776 2532 845 2571; x_wconf 84' lang='lat' dir='ltr'><strong>mox</strong></span> <span class='ocrx_word' id='word_1_198' title='bbox 860 2515 1026 2591; x_wconf 69' lang='lat' dir='ltr'><strong>nbifeeerrs.</strong></span> 
     </span>
    </p>

    <p class='ocr_par' dir='ltr' id='par_1_5' title="bbox 161 2612 1220 3279">
     <span class='ocr_line' id='line_1_24' title="bbox 204 2612 1216 2690; baseline 0.004 -20"><span class='ocrx_word' id='word_1_199' title='bbox 204 2630 233 2670; x_wconf 90' lang='lat' dir='ltr'><strong>u.</strong></span> <span class='ocrx_word' id='word_1_200' title='bbox 249 2626 309 2685; x_wconf 88' lang='lat'><strong>500</strong></span> <span class='ocrx_word' id='word_1_201' title='bbox 328 2612 438 2688; x_wconf 88' lang='lat' dir='ltr'><strong>optime</strong></span> <span class='ocrx_word' id='word_1_202' title='bbox 458 2614 582 2671; x_wconf 90' lang='lat' dir='ltr'><strong>seruauit</strong></span> <span class='ocrx_word' id='word_1_203' title='bbox 601 2612 717 2672; x_wconf 92' lang='lat' dir='ltr'><strong>Gembl.</strong></span> <span class='ocrx_word' id='word_1_204' title='bbox 733 2613 787 2671; x_wconf 91' lang='lat' dir='ltr'><strong>uisi</strong></span> <span class='ocrx_word' id='word_1_205' title='bbox 805 2613 885 2690; x_wconf 93' lang='lat' dir='ltr'><strong>quod</strong></span> <span class='ocrx_word' id='word_1_206' title='bbox 903 2633 1039 2689; x_wconf 74' lang='lat' dir='ltr'><strong>quamque</strong></span> <span class='ocrx_word' id='word_1_207' title='bbox 1059 2613 1146 2672; x_wconf 88' lang='lat' dir='ltr'><strong>habet</strong></span> <span class='ocrx_word' id='word_1_208' title='bbox 1163 2632 1216 2690; x_wconf 93' lang='lat' dir='ltr'><strong>pro</strong></span> 
     </span>
     <span class='ocr_line' id='line_1_25' title="bbox 161 2710 1220 2788; baseline 0.002 -22"><span class='ocrx_word' id='word_1_209' title='bbox 161 2730 278 2786; x_wconf 82' lang='lat' dir='ltr'><strong>quaque.</strong></span> <span class='ocrx_word' id='word_1_210' title='bbox 320 2710 422 2787; x_wconf 84' lang='lat' dir='ltr'><strong>Itaque</strong></span> <span class='ocrx_word' id='word_1_211' title='bbox 448 2729 509 2768; x_wconf 90' lang='lat' dir='ltr'><strong>non</strong></span> <span class='ocrx_word' id='word_1_212' title='bbox 533 2722 642 2770; x_wconf 91' lang='lat' dir='ltr'><strong>temere</strong></span> <span class='ocrx_word' id='word_1_213' title='bbox 663 2711 832 2770; x_wconf 89' lang='lat' dir='ltr'><strong>Gronouius</strong></span> <span class='ocrx_word' id='word_1_214' title='bbox 853 2731 879 2768; x_wconf 87' lang='lat' dir='ltr'><strong>v.</strong></span> <span class='ocrx_word' id='word_1_215' title='bbox 905 2716 961 2787; x_wconf 85' lang='lat'><strong>183</strong></span> <span class='ocrx_word' id='word_1_216' title='bbox 988 2711 1130 2788; x_wconf 79' lang='lat' dir='ltr'><strong>Quemque</strong></span> <span class='ocrx_word' id='word_1_217' title='bbox 1155 2719 1220 2770; x_wconf 77' lang='lat' dir='ltr'><strong>eret</strong></span> 
     </span>
     <span class='ocr_line' id='line_1_26' title="bbox 161 2809 1219 2888; baseline 0.003 -23"><span class='ocrx_word' id='word_1_218' title='bbox 161 2809 288 2866; x_wconf 83' lang='lat' dir='ltr'><strong>Actaeon</strong></span> <span class='ocrx_word' id='word_1_219' title='bbox 306 2810 387 2866; x_wconf 68' lang='lat' dir='ltr'><strong>selues</strong></span> <span class='ocrx_word' id='word_1_220' title='bbox 405 2810 558 2867; x_wconf 80' lang='lat' dir='ltr'><strong>r&#39;rnr&#39;tnndns</strong></span> <span class='ocrx_word' id='word_1_221' title='bbox 575 2817 602 2868; x_wconf 91' lang='lat' dir='ltr'><strong>et</strong></span> <span class='ocrx_word' id='word_1_222' title='bbox 617 2817 680 2868; x_wconf 87' lang='lat' dir='ltr'><strong>ante</strong></span> <span class='ocrx_word' id='word_1_223' title='bbox 697 2809 788 2881; x_wconf 81' lang='lat' dir='ltr'><strong>Quane</strong></span> <span class='ocrx_word' id='word_1_224' title='bbox 803 2811 919 2868; x_wconf 81' lang='lat' dir='ltr'><strong>canibus</strong></span> <span class='ocrx_word' id='word_1_225' title='bbox 939 2831 1013 2868; x_wconf 85' lang='lat' dir='ltr'><strong>neno</strong></span> <span class='ocrx_word' id='word_1_226' title='bbox 1030 2812 1138 2886; x_wconf 84' lang='lat' dir='ltr'><strong>praedo</strong></span> <span class='ocrx_word' id='word_1_227' title='bbox 1147 2813 1219 2888; x_wconf 79' lang='lat' dir='ltr'><strong>snit</strong></span> 
     </span>
     <span class='ocr_line' id='line_1_27' title="bbox 161 2906 1216 2985; baseline 0.002 -21"><span class='ocrx_word' id='word_1_228' title='bbox 161 2907 291 2965; x_wconf 86' lang='lat' dir='ltr'><strong>malebat</strong></span> <span class='ocrx_word' id='word_1_229' title='bbox 318 2906 455 2982; x_wconf 83' lang='lat' dir='ltr'><strong>Qunqne,·</strong></span> <span class='ocrx_word' id='word_1_230' title='bbox 483 2909 536 2966; x_wconf 93' lang='lat' dir='ltr'><strong>etsi</strong></span> <span class='ocrx_word' id='word_1_231' title='bbox 557 2918 653 2984; x_wconf 90' lang='lat' dir='ltr'><strong>potest</strong></span> <span class='ocrx_word' id='word_1_232' title='bbox 674 2909 714 2967; x_wconf 92' lang='lat' dir='ltr'><strong>ibi</strong></span> <span class='ocrx_word' id='word_1_233' title='bbox 736 2910 823 2967; x_wconf 89' lang='lat' dir='ltr'><strong>etiarn</strong></span> <span class='ocrx_word' id='word_1_234' title='bbox 848 2908 990 2985; x_wconf 83' lang='lat' dir='ltr'><strong>Quomque</strong></span> <span class='ocrx_word' id='word_1_235' title='bbox 1011 2910 1137 2969; x_wconf 85' lang='lat' dir='ltr'><strong>defendi.</strong></span> <span class='ocrx_word' id='word_1_236' title='bbox 1179 2910 1216 2967; x_wconf 92' lang='lat' dir='ltr'><strong>In</strong></span> 
     </span>
     <span class='ocr_line' id='line_1_28' title="bbox 161 3005 1216 3086; baseline 0.002 -24"><span class='ocrx_word' id='word_1_237' title='bbox 161 3005 269 3064; x_wconf 90' lang='lat' dir='ltr'><strong>eodem</strong></span> <span class='ocrx_word' id='word_1_238' title='bbox 289 3022 376 3064; x_wconf 89' lang='lat' dir='ltr'><strong>uersu</strong></span> <span class='ocrx_word' id='word_1_239' title='bbox 399 3021 459 3080; x_wconf 88' lang='lat'><strong>500</strong></span> <span class='ocrx_word' id='word_1_240' title='bbox 480 3007 636 3065; x_wconf 90' lang='lat' dir='ltr'><strong>rectissime</strong></span> <span class='ocrx_word' id='word_1_241' title='bbox 657 3007 773 3066; x_wconf 91' lang='lat' dir='ltr'><strong>Gembl.</strong></span> <span class='ocrx_word' id='word_1_242' title='bbox 793 3009 846 3079; x_wconf 85' lang='lat' dir='ltr'><strong>e&#39;lle,</strong></span> <span class='ocrx_word' id='word_1_243' title='bbox 864 3009 950 3067; x_wconf 92' lang='lat' dir='ltr'><strong>ceteri</strong></span> <span class='ocrx_word' id='word_1_244' title='bbox 971 3008 1111 3086; x_wconf 90' lang='lat' dir='ltr'><strong>plerique,</strong></span> <span class='ocrx_word' id='word_1_245' title='bbox 1128 3009 1216 3067; x_wconf 90' lang='lat' dir='ltr'><strong>etiam</strong></span> 
     </span>
     <span class='ocr_line' id='line_1_29' title="bbox 162 3103 1216 3181; baseline 0.004 -21"><span class='ocrx_word' id='word_1_246' title='bbox 162 3103 271 3176; x_wconf 77' lang='lat' dir='ltr'><strong>Voss²,</strong></span> <span class='ocrx_word' id='word_1_247' title='bbox 294 3105 369 3173; x_wconf 84' lang='lat' dir='ltr'><strong>e&#39;lln,·</strong></span> <span class='ocrx_word' id='word_1_248' title='bbox 398 3121 468 3161; x_wconf 91' lang='lat' dir='ltr'><strong>nam</strong></span> <span class='ocrx_word' id='word_1_249' title='bbox 490 3107 535 3162; x_wconf 85' lang='lat' dir='ltr'><strong>ille</strong></span> <span class='ocrx_word' id='word_1_250' title='bbox 555 3105 593 3163; x_wconf 87' lang='lat' dir='ltr'><strong>ad</strong></span> <span class='ocrx_word' id='word_1_251' title='bbox 614 3124 768 3165; x_wconf 90' lang='lat' dir='ltr'><strong>numerum</strong></span> <span class='ocrx_word' id='word_1_252' title='bbox 793 3107 918 3180; x_wconf 86' lang='lat' dir='ltr'><strong>refertur,</strong></span> <span class='ocrx_word' id='word_1_253' title='bbox 942 3109 1021 3165; x_wconf 79' lang='lat' dir='ltr'><strong>illam</strong></span> <span class='ocrx_word' id='word_1_254' title='bbox 1046 3127 1077 3167; x_wconf 93' lang='lat' dir='ltr'><strong>u.</strong></span> <span class='ocrx_word' id='word_1_255' title='bbox 1099 3121 1153 3181; x_wconf 91' lang='lat'><strong>501</strong></span> <span class='ocrx_word' id='word_1_256' title='bbox 1179 3105 1216 3164; x_wconf 88' lang='lat' dir='ltr'><strong>ad</strong></span> 
     </span>
     <span class='ocr_line' id='line_1_30' title="bbox 161 3200 1041 3279; baseline 0.003 -18"><span class='ocrx_word' id='word_1_257' title='bbox 161 3202 263 3261; x_wconf 85' lang='lat' dir='ltr'><strong>Parte.</strong></span> <span class='ocrx_word' id='word_1_258' title='bbox 306 3200 437 3260; x_wconf 89' lang='lat' dir='ltr'><strong>Variauit</strong></span> <span class='ocrx_word' id='word_1_259' title='bbox 451 3221 554 3279; x_wconf 86' lang='lat' dir='ltr'><strong>genus,</strong></span> <span class='ocrx_word' id='word_1_260' title='bbox 569 3222 606 3261; x_wconf 93' lang='lat' dir='ltr'><strong>ne</strong></span> <span class='ocrx_word' id='word_1_261' title='bbox 620 3214 664 3262; x_wconf 90' lang='lat' dir='ltr'><strong>ter</strong></span> <span class='ocrx_word' id='word_1_262' title='bbox 677 3205 848 3262; x_wconf 85' lang='lat' dir='ltr'><strong>femininum</strong></span> <span class='ocrx_word' id='word_1_263' title='bbox 863 3207 913 3263; x_wconf 85' lang='lat' dir='ltr'><strong>e&#39;lln</strong></span> <span class='ocrx_word' id='word_1_264' title='bbox 928 3206 1041 3264; x_wconf 92' lang='lat' dir='ltr'><strong>rediret.</strong></span> 
     </span>
    </p>

    <p class='ocr_par' dir='ltr' id='par_1_6' title="bbox 278 3299 1078 3655">
     <span class='ocr_line' id='line_1_31' title="bbox 286 3299 987 3380; baseline 0.006 -23"><span class='ocrx_word' id='word_1_265' title='bbox 286 3299 428 3359; x_wconf 89' lang='lat' dir='ltr'><strong>Tricenas</strong></span> <span class='ocrx_word' id='word_1_266' title='bbox 450 3302 534 3360; x_wconf 90' lang='lat' dir='ltr'><strong>dabis</strong></span> <span class='ocrx_word' id='word_1_267' title='bbox 555 3321 592 3361; x_wconf 88' lang='lat' dir='ltr'><strong>ex</strong></span> <span class='ocrx_word' id='word_1_268' title='bbox 614 3304 665 3360; x_wconf 85' lang='lat' dir='ltr'><strong>illa</strong></span> <span class='ocrx_word' id='word_1_269' title='bbox 686 3321 738 3379; x_wconf 93' lang='lat' dir='ltr'><strong>per</strong></span> <span class='ocrx_word' id='word_1_270' title='bbox 760 3303 874 3378; x_wconf 89' lang='lat' dir='ltr'><strong>singula</strong></span> <span class='ocrx_word' id='word_1_271' title='bbox 896 3304 987 3380; x_wconf 88' lang='lat' dir='ltr'><strong>signa,</strong></span> 
     </span>
     <span class='ocr_line' id='line_1_32' title="bbox 278 3387 1078 3478; baseline 0.005 -22"><span class='ocrx_word' id='word_1_272' title='bbox 278 3387 390 3458; x_wconf 66' lang='lat' dir='ltr'><strong>⁴Donec</strong></span> <span class='ocrx_word' id='word_1_273' title='bbox 412 3400 525 3459; x_wconf 89' lang='lat' dir='ltr'><strong>deficiat</strong></span> <span class='ocrx_word' id='word_1_274' title='bbox 546 3419 693 3473; x_wconf 90' lang='lat' dir='ltr'><strong>numerus,</strong></span> <span class='ocrx_word' id='word_1_275' title='bbox 715 3420 831 3478; x_wconf 86' lang='lat' dir='ltr'><strong>quaque</strong></span> <span class='ocrx_word' id='word_1_276' title='bbox 852 3404 899 3460; x_wconf 88' lang='lat' dir='ltr'><strong>e&#39;lle</strong></span> <span class='ocrx_word' id='word_1_277' title='bbox 919 3405 974 3460; x_wconf 92' lang='lat' dir='ltr'><strong>sub</strong></span> <span class='ocrx_word' id='word_1_278' title='bbox 995 3402 1078 3460; x_wconf 86' lang='lat' dir='ltr'><strong>astris</strong></span> 
     </span>
     <span class='ocr_line' id='line_1_33' title="bbox 286 3497 1064 3578; baseline 0.004 -23"><span class='ocrx_word' id='word_1_279' title='bbox 286 3497 371 3557; x_wconf 87' lang='lat' dir='ltr'><strong>Parte</strong></span> <span class='ocrx_word' id='word_1_280' title='bbox 392 3498 485 3570; x_wconf 88' lang='lat' dir='ltr'><strong>cadet,</strong></span> <span class='ocrx_word' id='word_1_281' title='bbox 507 3499 609 3558; x_wconf 88' lang='lat' dir='ltr'><strong>credas</strong></span> <span class='ocrx_word' id='word_1_282' title='bbox 631 3502 710 3558; x_wconf 81' lang='lat' dir='ltr'><strong>illan</strong></span> <span class='ocrx_word' id='word_1_283' title='bbox 731 3517 799 3559; x_wconf 90' lang='lat' dir='ltr'><strong>cum</strong></span> <span class='ocrx_word' id='word_1_284' title='bbox 820 3519 944 3578; x_wconf 90' lang='lat' dir='ltr'><strong>corpore</strong></span> <span class='ocrx_word' id='word_1_285' title='bbox 965 3513 1064 3559; x_wconf 86' lang='lat' dir='ltr'><strong>natam</strong></span> 
     </span>
     <span class='ocr_line' id='line_1_34' title="bbox 285 3595 515 3655; baseline 0.004 -1"><span class='ocrx_word' id='word_1_286' title='bbox 285 3595 359 3655; x_wconf 89' lang='lat' dir='ltr'><strong>Esse</strong></span> <span class='ocrx_word' id='word_1_287' title='bbox 381 3596 515 3655; x_wconf 91' lang='lat' dir='ltr'><strong>hominis.</strong></span> 
     </span>
    </p>

    <p class='ocr_par' dir='ltr' id='par_1_7' title="bbox 204 3693 767 3770">
     <span class='ocr_line' id='line_1_35' title="bbox 204 3693 767 3770; baseline 0.005 -18"><span class='ocrx_word' id='word_1_288' title='bbox 204 3693 259 3752; x_wconf 90' lang='lat'><em>111.</em></span> <span class='ocrx_word' id='word_1_289' title='bbox 276 3697 344 3769; x_wconf 88' lang='lat'>508,</span> <span class='ocrx_word' id='word_1_290' title='bbox 360 3709 418 3770; x_wconf 91' lang='lat'><strong>509</strong></span> <span class='ocrx_word' id='word_1_291' title='bbox 435 3694 475 3754; x_wconf 92' lang='lat' dir='ltr'><strong>sic</strong></span> <span class='ocrx_word' id='word_1_292' title='bbox 489 3705 590 3754; x_wconf 83' lang='lat' dir='ltr'><strong>extant</strong></span> <span class='ocrx_word' id='word_1_293' title='bbox 606 3697 637 3754; x_wconf 93' lang='lat' dir='ltr'><strong>in</strong></span> <span class='ocrx_word' id='word_1_294' title='bbox 652 3695 767 3755; x_wconf 90' lang='lat' dir='ltr'><strong>Gembl.</strong></span> 
     </span>
    </p>

    <p class='ocr_par' dir='ltr' id='par_1_8' title="bbox 287 3792 1065 3972">
     <span class='ocr_line' id='line_1_36' title="bbox 287 3792 1015 3873; baseline 0.003 -23"><span class='ocrx_word' id='word_1_295' title='bbox 287 3792 370 3852; x_wconf 88' lang='lat' dir='ltr'><strong>Stent</strong></span> <span class='ocrx_word' id='word_1_296' title='bbox 390 3794 450 3853; x_wconf 90' lang='lat' dir='ltr'><strong>ueri</strong></span> <span class='ocrx_word' id='word_1_297' title='bbox 472 3795 618 3854; x_wconf 89' lang='lat' dir='ltr'><strong>stellarum</strong></span> <span class='ocrx_word' id='word_1_298' title='bbox 639 3807 718 3854; x_wconf 89' lang='lat' dir='ltr'><strong>ortus</strong></span> <span class='ocrx_word' id='word_1_299' title='bbox 739 3796 857 3873; x_wconf 89' lang='lat' dir='ltr'><strong>uerique</strong></span> <span class='ocrx_word' id='word_1_300' title='bbox 879 3796 1015 3855; x_wconf 90' lang='lat' dir='ltr'><strong>subortus</strong></span> 
     </span>
     <span class='ocr_line' id='line_1_37' title="bbox 287 3890 1065 3972; baseline 0.004 -23"><span class='ocrx_word' id='word_1_301' title='bbox 287 3890 430 3969; x_wconf 92' lang='lat' dir='ltr'><strong>Denaque</strong></span> <span class='ocrx_word' id='word_1_302' title='bbox 452 3893 481 3951; x_wconf 91' lang='lat' dir='ltr'><strong>in</strong></span> <span class='ocrx_word' id='word_1_303' title='bbox 502 3894 633 3971; x_wconf 90' lang='lat' dir='ltr'><strong>proprias</strong></span> <span class='ocrx_word' id='word_1_304' title='bbox 654 3894 729 3954; x_wconf 87' lang='lat' dir='ltr'><strong>uires</strong></span> <span class='ocrx_word' id='word_1_305' title='bbox 751 3906 900 3972; x_wconf 90' lang='lat' dir='ltr'><strong>sortesque</strong></span> <span class='ocrx_word' id='word_1_306' title='bbox 921 3895 1065 3954; x_wconf 88' lang='lat' dir='ltr'><strong>recedant.</strong></span> 
     </span>
    </p>
   </div>
   <div class='ocr_carea' id='block_1_3' title="bbox 0 0 1384 4448">
    <p class='ocr_par' dir='ltr' id='par_1_9' title="bbox 0 0 1384 4448">
     <span class='ocr_line' id='line_1_38' title="bbox 0 0 1384 4448; baseline 0 0"><span class='ocrx_word' id='word_1_307' title='bbox 0 0 1384 4448; x_wconf 95' lang='lat' dir='ltr'><strong> </strong></span> 
     </span>
    </p>
   </div>
  </div>
 </body>
</html>
