2760 4448
278 255 320 319 68
586 266 735 318 naeres
755 266 1003 318 mensurans

277 427 469 504 giomontana
482 422 570 485 editio
583 443 650 486 cum
665 424 862 503 Neapolitana
881 423 1095 503 corrigendum,
1109 424 1139 484 in
1159 425 1250 487 dubio
1270 436 1321 487 est

277 524 318 584 ΙΙ.
334 538 393 600 730
406 525 554 602 dffueranl
564 532 608 582 est
622 523 653 581 in
665 521 779 583 Gembl.
793 532 821 582 et
835 523 986 601 plerisque,
999 525 1138 602 defuerint
1149 525 1182 584 in
1195 545 1219 598 a,
1231 535 1265 584 ut
1277 525 1322 585 hic

276 640 395 700 quoque
419 621 621 699 reponendum
640 620 762 681 fortasse
779 620 933 699 plusquam
952 623 1112 698 perfectum
1133 623 1178 682 sit.
1221 622 1272 682 Sic
1285 623 1321 681 V.

278 724 338 797 605
357 723 470 781 extollet
485 719 600 779 Gembl.
616 730 644 779 et
664 719 803 797 plerique,
820 722 950 780 exste'llat
964 718 1070 795 Voss',
1089 721 1128 781 11.
1146 741 1206 798 949
1228 723 1325 780 mered

278 818 395 878 Gembl.
411 828 439 878 et
452 818 589 896 plerique,
604 825 709 878 mersat
721 837 743 876 a.

318 921 378 993 879
407 916 553 976 Bentleius
581 927 659 976 recte
686 916 824 976 traditum
851 915 980 990 credidit,
1003 925 1032 976 et
1058 917 1110 995 qui
1136 917 1225 977 toties
1253 918 1323 977 alias

277 1016 415 1076 odoratus
438 1015 474 1074 sit
498 1015 669 1086 barbariem,
693 1014 740 1073 hic
764 1015 834 1073 nihil
858 1015 914 1075 nisi
936 1014 1094 1075 ‘audacem
1115 1016 1256 1092 figuram'
1280 1036 1322 1075 re-

277 1115 370 1193 perire
382 1131 413 1173 se
423 1113 580 1190 profitetur.
615 1113 655 1172 At
665 1113 729 1189 quis
745 1130 874 1189 unquam
888 1113 960 1173 dixit
973 1115 1003 1172 in
1017 1115 1154 1173 tumulum
1167 1117 1252 1174 cessit
1262 1116 1328 1174 delli

278 1214 401 1288 ustaeque
424 1221 456 1271 ut
480 1211 537 1271 hoc
562 1211 745 1288 significaret,
768 1211 859 1270 uitam
889 1229 972 1270 suam
999 1212 1166 1290 bellumque
1191 1231 1263 1272 cum
1289 1233 1323 1272 ea

278 1310 431 1387 sepulchro
457 1308 606 1369 condidit?
647 1308 759 1369 Contra
786 1311 817 1367 e'n
844 1311 983 1369 cumulum
1011 1311 1101 1368 cedere
1127 1311 1175 1371 uel
1203 1313 1324 1371 accedere

277 1410 403 1485 optimae
431 1406 579 1466 latinitatis
600 1414 651 1465 est.
692 1407 754 1490 Cio.
783 1408 820 1467 de
840 1407 895 1484 leg.
921 1427 1012 1484 agras.
1037 1409 1065 1468 ii.
1090 1428 1136 1484 23·
1163 1412 1202 1467 62
1232 1429 1324 1468 omnes

277 1508 358 1565 urbes
376 1508 449 1583 agri
465 1524 555 1583 regna
576 1506 695 1581 denique,
707 1512 844 1582 postremo
862 1501 946 1564 ¹eliam
966 1508 1115 1582 uectigalia
1134 1512 1230 1565 uestra
1246 1509 1323 1566 aeni-

277 1607 358 1677 ere‘nt,
380 1605 545 1662 accesserint
562 1605 593 1662 in
617 1604 757 1662 cumulum
776 1605 922 1662 manubiae
939 1611 1094 1663 uestrarum
1116 1606 1323 1680 snperatorum.

279 1702 389 1762 Similia
415 1710 482 1760 sunt
510 1699 573 1759 Liu.
601 1701 637 1760 vl.
661 1721 699 1777 34
721 1712 809 1778 paena
836 1703 867 1760 e‘n
891 1699 977 1761 uicem
997 1703 1074 1780 fidei
1097 1711 1223 1761 cesserat.
1250 1703 1322 1762 Plin.

278 1802 318 1861 H.
340 1800 378 1860 N.
399 1819 483 1860 xxxv.
508 1817 543 1875 91
568 1801 629 1874 ipsa
654 1801 764 1858 cazaria
785 1803 867 1859 cessie
886 1801 1058 1877 angleriam
1078 1802 1206 1878 arteficrls.
1250 1802 1321 1861 Tao

279 1900 355 1958 Hist.
371 1899 388 1958 i.
405 1918 440 1956 11
457 1897 547 1957 Italza
569 1900 599 1956 z'n
613 1899 737 1974 preteiem
757 1898 824 1956 delli
841 1918 953 1957 cessura
973 1905 1042 1958 erat.
1084 1899 1122 1958 ib.
1145 1913 1184 1976 70
1197 1899 1323 1959 Noricos

278 2007 309 2065 e'n
332 2012 419 2064 cetera
439 2006 572 2064 uc'ctorc'ae
590 2006 720 2081 praemia
744 2024 875 2065 cessuros.
910 2003 1013 2067 Manil.
1032 2005 1087 2065 III.
1111 2023 1149 2078 24
1171 2009 1263 2066 amne's
1282 2005 1321 2064 In

271 2105 373 2181 populi
382 2105 467 2162 aneas
480 2105 549 2180 leges
561 2110 595 2162 ut
606 2105 715 2162 cesserit
726 2104 808 2164 ardes.

320 2201 379 2261 Sed
396 2201 483 2260 ualde
499 2201 599 2260 dubito
617 2219 688 2259 num
702 2211 779 2261 recte
793 2202 824 2260 in
837 2200 980 2280 plerisque
997 2200 1133 2262 traditum
1148 2201 1186 2262 sit
1198 2202 1320 2280 typicus.

278 2298 357 2359 Nam
376 2300 461 2359 Voss.²
480 2300 567 2358 habet
584 2301 719 2375 tropicus,
734 2299 812 2359 unde
830 2302 950 2377 tropaeis
971 2299 1054 2359 facile
1082 2300 1188 2360 elicias.
1233 2300 1323 2360 cesse

278 2396 434 2478 (Typhon)
465 2400 495 2456 e'n
522 2400 660 2456 cumulum
688 2400 808 2474 tropaea
837 2399 902 2457 belli
929 2401 1061 2474 ue'taeque,
1090 2416 1158 2457 cum
1185 2399 1321 2458 uictoriae

278 2514 367 2573 quam
382 2496 411 2555 di
425 2515 461 2556 ex
475 2497 627 2572 gigantum
641 2505 669 2554 et
684 2495 837 2572 Typhonis
850 2496 909 2555 uita
924 2506 1105 2573 reportarant
1119 2495 1181 2573 ipse
1192 2496 1320 2574 Typhon

278 2603 420 2672 tanquam
431 2593 563 2653 cumulus
576 2594 697 2653 accessit
716 2594 842 2670 sepultus
856 2596 910 2654 sub
923 2595 1020 2654 Aetna
1037 2603 1144 2654 monte.
1187 2592 1319 2666 Dixeris3

279 2701 309 2751 at
322 2692 398 2750 male
413 2692 453 2750 sic
472 2692 604 2768 procedit
622 2692 723 2763 oratio,
739 2711 805 2751 cum
826 2694 864 2752 ab
883 2692 1030 2770 Typhone
1048 2710 1077 2750 u.
1092 2695 1150 2767 876
1168 2694 1319 2752 transitum

278 2789 315 2849 sit
336 2789 373 2847 ad
394 2800 505 2848 ceteros
519 2788 670 2866 Gigantas,
691 2793 749 2865 879
767 2801 863 2850 autem
881 2790 919 2849 ad
935 2790 1029 2850 Cesse't
1047 2791 1209 2867 requiratur
1226 2807 1319 2851 nouus

279 2889 484 2959 nominalium,
500 2897 529 2946 et
545 2886 686 2964 Typhoeus
700 2907 767 2947 cum
781 2889 811 2948 ui
825 2888 939 2948 claudat
954 2889 1134 2948 sententiam.

320 2985 431 3044 Verum
445 2984 502 3044 hoc
515 2995 567 3058 est,
577 3004 631 3045 nec
646 2987 707 3044 sine
719 3004 796 3045 noua
811 3005 866 3064 ope
880 2987 1016 3046 codicum
1028 2984 1107 3045 MSS
1121 2986 1319 3063 recipiendum

278 3085 406 3160 tropaea.
449 3082 507 3143 Sed
520 3083 566 3143 hie
581 3083 642 3160 ipse
657 3083 824 3160 Typhoeus,
839 3103 937 3144 nonne
952 3085 1046 3161 potuit
1060 3085 1100 3143 sic
1118 3083 1174 3143 dici
1192 3087 1320 3144 cumulus

279 3184 346 3241 belli
355 3184 485 3257 artaeque,
502 3182 570 3259 quia
584 3190 652 3258 post
665 3183 800 3240 subactos
814 3191 925 3242 ceteros
935 3183 986 3261 qui
1000 3201 1067 3241 eum
1080 3199 1117 3241 eo
1132 3184 1249 3241 stabant
1262 3184 1320 3260 ipse

279 3281 395 3339 ultimus
410 3279 501 3339 extitit
515 3279 645 3339 cumulus
658 3279 796 3340 uictoriae
815 3298 904 3357 quam
918 3300 954 3340 ex
968 3280 1045 3340 bello
1064 3298 1099 3339 ac
1116 3280 1176 3338 uita
1193 3280 1320 3340 hostium

280 3379 310 3438 di
329 3379 532 3456 reportarunt?
575 3376 753 3456 ‘Typhoeus
775 3380 996 3439 consummated
1018 3379 1066 3439 the
1086 3377 1170 3455 gods'
1194 3378 1319 3456 triumph

280 3495 348 3537 over
368 3494 427 3534 war
448 3475 506 3535 and
527 3471 590 3535 lise?

321 3574 360 3634 Il.
374 3576 443 3645 881,
460 3593 475 3631 2
492 3573 534 3633 sic
550 3581 649 3632 extant
663 3575 693 3632 in
709 3574 824 3635 Gembl.

401 3671 499 3748 Atque
520 3669 687 3746 refulgentis
708 3673 836 3748 sequitur
857 3671 971 3750 fastigia
992 3673 1074 3733 caelo

402 3769 538 3828 Proxima
558 3787 612 3828 nee
633 3769 687 3846 ipsi
708 3769 810 3829 caedat
830 3771 879 3847 qui
900 3770 1026 3848 fungitur
1047 3781 1156 3832 astro..

322 3871 377 3926 881
403 3867 499 3945 Atque
513 3865 680 3944 refulgentis
698 3866 785 3928 Voss}
819 3869 915 3947 Atque
936 3868 1087 3943 refqlontis
1104 3868 1190 3929 Voss?
1225 3870 1321 3949 Atque
