2760 4448
474 279 622 329 NOCTES
642 278 892 330 MANILIANAE

285 436 378 496 Cuius
399 437 477 496 enim
498 438 598 497 stellae
619 438 649 496 in
670 438 729 497 fine
749 439 808 498 sint
829 440 932 516 sydere
949 457 1069 518 quoque

285 535 443 595 Inciderint
464 537 544 596 dabit
563 537 683 596 effeetus
703 537 734 595 in
754 538 864 597 uiribus
884 540 956 599 eius·

205 665 271 727 745·
286 652 415 729 quinque
424 662 478 727 pro
488 651 667 730 quandoque
680 672 695 711 o
707 651 805 713 locata
814 663 858 712 est
876 651 964 712 Voss.²
1006 655 1066 728 746
1088 653 1217 714 decebat

163 770 178 809 0
230 764 287 825 747
302 753 343 808 sic
356 758 438 808 extat
449 751 479 808 in
494 770 509 808 0
523 750 614 810 Cuius
629 752 708 810 enim
721 752 802 811 stelle
816 753 846 810 in
860 752 916 811 fine
932 760 999 820 sunt
1014 752 1118 828 sydere
1133 753 1217 826 Tdto

162 866 281 926 quoque
301 850 351 906 sed
368 855 400 905 ut
411 850 641 926 potuertisurise
661 860 759 926 quoto.
795 854 853 925 748
870 851 978 910 uiribus
994 856 1060 925 post
1077 870 1216 908 rasuram

163 947 294 1005 uocabulz'
303 948 378 1022 quod
382 949 471 1023 prius
484 949 733 1026 scriptumsueral
747 950 873 1024 nigriore
891 957 1047 1008 atramento
1059 956 1216 1008 exaratum

162 1047 274 1104 uriletur
287 1048 317 1104 in
328 1045 396 1104 Cur.
411 1047 558 1105 mentibus
579 1067 594 1105 0
615 1049 726 1106 ortibus
749 1046 835 1106 Voss.¹

204 1142 348 1219 Loquitur
362 1143 409 1203 hic
426 1154 516 1221 poeta
530 1145 568 1202 de
585 1144 676 1203 altera
690 1145 787 1221 specie
802 1145 1117 1216 dodecatemoriorum‚
1132 1146 1217 1222 quod

162 1252 207 1300 est
221 1240 477 1301 dodecatemorion
492 1243 523 1300 in
538 1242 784 1303 dodecatemorio.
826 1243 862 1301 Id
875 1243 961 1321 quale
975 1245 1011 1303 sit
1026 1243 1102 1303 clare
1120 1243 1216 1320 expli·

163 1340 239 1399 cauit
254 1339 379 1399 lacobus
393 1341 423 1397 in
438 1337 546 1417 figurab
556 1341 671 1399 tabulae
685 1342 725 1401 II.
756 1341 860 1419 Neque
874 1360 931 1418 ego
942 1341 1104 1419 quidquam
1117 1341 1217 1400 habeo

163 1437 243 1516 quod
253 1438 398 1515 proferam
409 1439 445 1497 de
454 1456 522 1498 meo
531 1440 586 1498 nisi
596 1449 628 1497 ut
642 1453 733 1514 u.747
745 1441 922 1499 contendam
933 1440 1015 1498 aliter
1025 1441 1216 1498 scribendum

162 1555 228 1596 esse
243 1555 331 1613 quam
346 1547 395 1596 aut
409 1536 541 1596 Bentleio
562 1538 657 1596 uisum
672 1548 716 1598 est
733 1549 782 1597 aut
802 1539 922 1599 Iacobo.
964 1537 1113 1597 Bentleius
1134 1539 1217 1596 enim

161 1637 205 1696 sic
220 1636 309 1695 edidit

287 1733 377 1792 Cuius
397 1735 477 1793 enim
498 1734 580 1794 steila
600 1735 631 1792 in
651 1735 724 1794 fines
745 1735 777 1793 in
798 1734 891 1794 sidere
911 1753 1031 1813 quoque

286 1832 432 1904 Inciderit‚
454 1833 533 1892 dabit
554 1834 674 1893 effectus
695 1834 725 1890 in
745 1833 856 1892 uiribus
876 1834 947 1904 eius,

163 1947 241 2008 quae
262 1931 304 1990 sie
326 1931 530 2008 interpretatus
545 1942 607 1991 est:
631 1933 731 1992 ‘cuius
752 1933 831 1991 enim
845 1931 1074 1991 dodecatemorii
1094 1931 1125 1989 in
1141 1930 1216 1990 fines

164 2028 245 2086 stella
258 2029 399 2101 inciderit,
415 2030 495 2089 dabit
514 2029 586 2089 illud
599 2029 720 2088 effectus
735 2047 804 2088 suos
826 2048 881 2106 pro
894 2030 1002 2088 uiribus
1017 2031 1079 2088 eius
1094 2028 1217 2088 stellae!

163 2126 244 2185 Nihil
258 2127 314 2186 hoc
330 2128 453 2200 clarius;
468 2130 520 2188 sed
535 2147 596 2188 non
611 2129 704 2207 placet
719 2131 749 2186 in
764 2141 806 2186 ter
820 2130 983 2205 repetitum,
997 2146 1052 2187 nec
1066 2129 1145 2186 stella
1159 2146 1217 2205 pro

162 2227 294 2303 eoquod
310 2226 379 2285 dant
394 2228 511 2286 codices
524 2229 586 2285 stell
617 2270 624 2284 .

205 2323 334 2396 Rectius,
356 2344 404 2384 me
424 2325 527 2397 iudice,
549 2325 674 2385 Iacobus
694 2323 770 2397 fecit,
792 2326 841 2403 qui
862 2334 974 2385 retento
992 2326 1093 2397 stellae,
1115 2324 1217 2384 locum

163 2423 205 2481 sic
226 2423 398 2498 explicauit:
422 2424 521 2483 ‘cuius
542 2423 573 2481 in
590 2422 687 2481 stellae
706 2424 779 2482 fines
798 2423 1057 2483 dodecatomorion
1074 2424 1217 2495 inciderit,

163 2522 226 2580 eius
241 2522 338 2580 stellae
353 2523 428 2581 uires
443 2522 540 2580 dabit!
584 2521 641 2580 Sed
656 2540 693 2580 ne
708 2522 883 2597 sicquidem
898 2522 1003 2598 triplex
1017 2524 1048 2580 in
1061 2521 1133 2582 fero.

205 2620 280 2680 Mihi
300 2622 416 2680 uidetur
438 2621 576 2680 Manilius
597 2622 638 2680 sie
659 2622 823 2698 scripsisse:

286 2719 377 2778 Cuius
398 2721 477 2779 enim
499 2720 598 2779 stellae
618 2720 649 2777 in
670 2719 744 2778 fines
764 2719 814 2777 sub
835 2717 927 2778 sidere
948 2736 1068 2797 quoque

286 2816 431 2890 Inciderit‚
452 2818 533 2877 dabit
553 2817 674 2877 effectus
694 2817 724 2874 in
745 2817 856 2875 uiribus
877 2817 938 2875 eius

164 2917 192 2975 h.
207 2935 231 2974 e.
243 2916 324 2975 cuius
344 2918 423 2975 enim
437 2916 569 2992 planetae
588 2916 618 2974 in
633 2916 706 2974 fines
720 2914 987 2986 dodecatemorion‚
1002 2915 1083 2992 quod
1103 2915 1152 2976 hic
1171 2927 1217 2976 est

164 3016 266 3091 quinta
287 3033 354 3091 pars
377 3015 613 3085 dodecatemorii,
636 3013 768 3072 inciderit
785 3014 816 3071 in
838 3032 1026 3090 quocumque
1048 3015 1134 3091 signo
1157 3014 1213 3075 Zo-

165 3114 249 3185 diaci,
271 3113 295 3171 is
319 3114 437 3189 planeta
461 3113 541 3171 dabit
563 3113 682 3172 effectus
703 3112 734 3170 in
758 3112 868 3172 uiribus
892 3113 953 3172 eius
978 3113 1216 3172 dodecatemorii.

164 3211 230 3270 Nisi
242 3215 337 3270 mauis
352 3231 388 3278 ex
403 3233 418 3269 o
432 3230 573 3288 reponere
582 3210 633 3270 sub
648 3212 737 3269 sz'dere
751 3217 812 3283 toto,
824 3211 893 3270 etin
906 3215 964 3285 748
979 3212 1121 3283 mentibus,
1134 3212 1215 3289 quod

165 3310 244 3368 idem
257 3331 273 3368 o
287 3309 382 3381 habet,
396 3311 426 3369 in
441 3311 557 3368 motibus
575 3311 734 3386 refingeret
763 3310 846 3369 cuius
864 3310 1000 3387 planetae
1019 3311 1050 3368 in
1071 3311 1145 3371 fines
1163 3311 1216 3371 do·
1267 3355 1272 3361 -

165 3408 383 3468 decatemorion
404 3409 536 3468 inciderit
561 3409 615 3466 sub
636 3407 842 3485 quauisparte
864 3426 901 3467 ex
923 3407 1068 3468 duodenis
1089 3409 1120 3467 in
1142 3428 1216 3486 quas

165 3506 279 3585 singula
301 3507 384 3582 signa
405 3507 554 3565 distributa
576 3515 643 3565 sunt
662 3504 725 3583 (sub
745 3507 835 3564 rr'dcre
852 3503 925 3585 tolo),
944 3506 1024 3580 dabit
1046 3505 1215 3586 (dodecate-

164 3602 293 3683 morion)
308 3606 427 3665 effectus
441 3605 471 3662 in
486 3605 612 3664 motibus
627 3604 687 3663 eius
703 3601 868 3684 (planetae).
899 3604 944 3664 Cf.
957 3608 1016 3681 969
1030 3607 1124 3665 stellae
1140 3607 1216 3680 Quos

164 3706 285 3762 reddant
296 3712 392 3762 matur.
428 3701 583 3779 Potuitque
594 3702 645 3760 sub
658 3703 688 3760 in
702 3704 824 3762 suntuel
837 3706 897 3761 sint
908 3705 1074 3780 corrumpi:
1097 3706 1139 3764 sic
1156 3709 1213 3764 282

165 3802 230 3862 cod.
246 3803 394 3861 Parisinus
408 3801 495 3860 habet
509 3802 559 3859 sub
571 3802 667 3859 simili
676 3810 705 3860 et
719 3801 748 3859 in
762 3820 852 3878 marg.
867 3809 940 3873 sunt,
956 3812 1028 3862 teste
1044 3802 1194 3863 Stoebero.

208 3899 292 3961 Haec
308 3901 332 3962 si
346 3919 415 3961 uera
430 3909 505 3974 sunt,
515 3900 629 3960 inuertit
643 3896 729 3979 poeta
740 3919 815 3978 quae
830 3899 941 3961 dixerat
955 3901 986 3960 in
1002 3915 1068 3980 745,
1085 3904 1111 3961 6.
1135 3902 1214 3962 Nam
