2760 4448
348 277 401 326 AD
424 277 500 327 ARA
507 277 580 327 TEA
608 278 827 328 GERMANICI
1053 282 1114 348 243

65 438 199 498 Correxit
215 436 334 497 Grotius
349 437 390 496 sic

187 536 275 596 Tunc
297 555 414 613 quoque
435 536 513 594 nulla
534 536 606 595 fides
627 536 707 596 caelo
724 555 791 596 cum
813 536 951 613 scorpion
974 555 1071 596 acrem

189 634 251 694 Stat
272 653 366 711 super.

63 735 104 793 Et
127 735 200 793 coelo
221 734 341 810 quidam
366 743 477 792 rectum
500 733 630 792 uidetur:
663 735 790 810 scorpion
811 753 848 792 ex
873 735 997 809 scorpios
1017 735 1116 810 potius

64 834 195 892 uitiatum
224 851 296 892 reor.
354 832 424 891 Non
452 832 542 890 semel
576 833 607 889 in
642 830 756 890 Manilii
792 832 942 890 codicibus
978 831 1115 908 Scorpion

64 932 202 990 traditum
215 940 267 1004 est,
282 932 332 989 ubi
347 929 478 1007 Scorpios
491 930 651 1006 requiritur.
694 931 732 989 Et
746 931 787 989 sic
801 930 832 988 in
844 929 1008 990 Ouidianae
1023 931 1115 990 Ibidis

66 1035 126 1089 600
140 1029 266 1106 Orpheon
281 1030 328 1089 uel
342 1029 475 1106 Orpheon
488 1048 542 1106 pro
557 1028 680 1104 Orpheos
694 1039 843 1106 praestant
857 1029 961 1104 optImi
976 1030 1103 1089 codices

128 1132 166 1201 64
258 1136 307 1187 aut
328 1128 488 1204 glomerata
509 1126 593 1185 cadet
614 1145 703 1204 quam
724 1127 816 1185 densa
838 1146 891 1203 per
912 1131 1033 1189 †astras

187 1226 311 1285 Immitis
332 1226 461 1302 grando!
494 1225 607 1284 caelum
629 1244 828 1302 quamsaepe
851 1227 995 1284 sonabitl,
1100 1289 1103 1297 ,

64 1333 160 1385 ostros
178 1325 344 1384 Basiliensis
363 1342 432 1382 curn
451 1323 590 1395 Parisino,
607 1332 688 1382 ostro
702 1324 918 1382 Arundelianus
933 1342 1001 1382 cum
1016 1323 1115 1383 Meer-

65 1426 213 1483 maniano.
255 1422 376 1482 Grotius
390 1423 514 1482 correxit
528 1423 675 1480 aethram:
705 1421 795 1480 fuitne
813 1425 947 1479 austros)
987 1421 1062 1482 Aen.
1077 1423 1114 1481 ix.

66 1527 126 1599 669
154 1542 238 1598 quom
266 1524 354 1580 mullo
377 1522 520 1597 grandine
547 1521 638 1577 nr'rnbi
661 1519 700 1577 In
728 1522 803 1578 uodo
824 1521 1023 1596 praecipitant,
1053 1540 1115 1578 ruoz

64 1622 195 1698 Iuppiter
210 1622 344 1679 borrellus
357 1619 478 1677 Austris
495 1618 615 1694 Torquet
634 1638 767 1694 aquosam
789 1621 910 1678 hermem.

109 1735 147 1794 7ο
163 1738 226 1795 sqq.
242 1720 281 1778 sic
296 1727 395 1777 extant
409 1718 439 1776 in
454 1716 586 1776 Parisino

189 1818 315 1876 Vmidus
336 1826 366 1874 at
387 1815 499 1892 gelidos
521 1815 667 1891 portendit
687 1816 833 1891 Aquarius
855 1817 955 1876 imbris

190 1917 397 1991 Hibernaeque
420 1914 527 1972 cadunt
548 1913 665 1989 pluuiae
686 1924 881 1991 concretaque
902 1915 1015 1992 grando

189 2014 320 2073 Piscibus
341 2032 359 2072 a
379 2013 503 2089 geminis
525 2012 580 2070 sub
601 2013 694 2088 prima
714 2023 842 2071 recurret
863 2014 893 2071 in
914 2024 990 2072 astra

189 2112 342 2188 Hesperos
363 2111 436 2170 haec
456 2111 508 2169 tibi
529 2112 612 2186 signa
633 2110 713 2169 dabit
734 2129 802 2168 cum
824 2111 960 2173 †lucifer.
982 2129 1087 2170 aurora

153 2246 155 2251 ¹
189 2210 360 2287 Ingrediens
373 2209 475 2267 Venus
495 2209 572 2267 alma
590 2208 707 2285 polum:
730 2209 780 2267 sed
797 2211 846 2267 ubi
869 2210 1020 2286 Hesperos
1041 2210 1115 2286 ignis

130 2325 167 2385 75
189 2309 334 2368 Prouocat
354 2307 496 2367 aetherios
518 2317 546 2365 et
567 2317 684 2366 noctem
705 2307 811 2367 ducere
833 2308 915 2366 terris

189 2408 296 2484 Incipit
316 2407 451 2466 exoriens
472 2404 525 2479 hec
547 2416 575 2464 te
596 2405 731 2464 Citherea
751 2407 891 2464 monebit.

111 2521 147 2581 72
161 2507 291 2584 ferrlosse
306 2512 371 2580 post
388 2505 512 2580 geminis
531 2505 743 2579 dr'slr'regueno'us
768 2511 835 2562 erat.
865 2506 919 2562 sub
940 2505 1040 2562 codr'res
1065 2503 1115 2560 ubi

67 2625 116 2681 ego
140 2607 170 2662 r'n
194 2603 282 2662 Dior.
305 2604 411 2661 Phr'lol.
437 2602 774 2676 Conlobr.onrei1877,
796 2612 825 2678 p.
851 2617 917 2676 257,
939 2609 965 2660 et
986 2607 1050 2678 post
1075 2621 1116 2658 me

67 2703 259 2762 Baehrensr'us
272 2701 311 2758 P.
322 2702 359 2759 L.
373 2700 420 2759 M.
434 2703 453 2758 i.
462 2712 494 2776 p.
508 2720 573 2776 194.
611 2713 647 2776 73
664 2700 815 2776 Hesperos
836 2702 911 2758 codd.
925 2699 1116 2776 Phosphoros

68 2822 115 2878 ego
126 2800 225 2859 lucifer
240 2810 302 2859 orta
311 2800 425 2857 Arund.
439 2799 538 2858 lucifer
552 2819 603 2858 cur
617 2817 669 2858 ora
682 2797 851 2857 Bose'lr'ensr's
862 2798 1011 2856 etMeerm.
1034 2797 1115 2856 Fort.

69 2919 137 2959 cum
158 2898 277 2958 lucifero
298 2915 378 2956 aur0.
423 2901 460 2972 76
485 2898 540 2971 hec
564 2894 607 2977 te]
630 2917 698 2957 ecce
719 2898 835 2956 Arund.
855 2905 882 2956 et
902 2896 1020 2956 Meerm.
1041 2897 1114 2955 haec

67 3019 119 3058 cae
133 2998 304 3056 Bosz'lz'ensr's
318 3015 409 3074 aeque
423 2994 622 3054 Baehrensr'us.

110 3098 200 3156 Hunc
214 3097 312 3155 locum
329 3097 387 3153 iam
405 3113 484 3153 anno
504 3098 579 3168 1877
596 3114 632 3153 ex
648 3095 761 3154 scholiis
782 3095 954 3154 Strozzianis
973 3094 1116 3171 Breysigii

69 3217 96 3274 p.
113 3200 168 3272 183
184 3195 374 3272 explicabam.
410 3195 498 3253 Venus
511 3195 597 3264 stello,
608 3214 677 3270 quoe
686 3214 787 3269 graece
800 3195 986 3271 Phosphoron
1000 3196 1114 3263 dr'rr'tur,
1171 3178 1173 3182 ⁵

69 3297 102 3353 e'd
113 3302 154 3352 est
165 3297 250 3352 lucem
260 3294 364 3372 serens
377 3295 423 3350 uel
433 3294 504 3350 sedis
519 3290 549 3368 (l.
564 3290 655 3369 seclus)
670 3294 749 3350 lucz's.
782 3291 854 3352 Cum
869 3294 950 3351 solem
967 3292 1114 3365 praecedet,

68 3394 180 3471 lecestr,
202 3412 264 3449 eum
286 3411 351 3449 uero
371 3392 503 3466 sequetur,
527 3401 621 3466 uesper
641 3393 808 3467 appellatur,
829 3398 856 3448 et
874 3410 935 3448 cum
957 3390 1016 3446 luci
1028 3409 1059 3446 er
1079 3396 1119 3446 est

68 3494 182 3550 colorem
201 3490 281 3548 habet
297 3491 462 3562 condentem,
481 3481 541 3547 cum
561 3500 654 3565 uesper
664 3491 835 3566 fulgentem.
879 3487 942 3546 Nec
963 3487 1065 3546 dubito
1086 3487 1116 3544 in

71 3604 108 3665 73
131 3588 271 3664 Hesperos
290 3597 424 3663 corrupte
445 3605 499 3663 pro
520 3585 657 3664 Fossoros
679 3587 833 3658 traditum;
865 3584 1016 3643 manifeste
1037 3584 1116 3643 enim

68 3697 256 3764 opponuntur
270 3686 427 3743 matutinus
441 3685 563 3742 Veneris
584 3692 663 3743 ortus
684 3695 712 3742 et
728 3685 920 3761 uespertinus.
963 3681 1022 3740 Sed
1036 3682 1117 3759 quod

69 3787 148 3863 prius
169 3795 301 3862 putaram
322 3786 412 3843 uerba
426 3784 531 3860 quibus
550 3796 587 3858 73
603 3782 726 3841 eluditur
740 3782 828 3841 sulsse
844 3801 906 3839 cum
923 3783 981 3838 luce
989 3782 1116 3857 seretur,

69 3903 148 3943 nunc
163 3884 273 3944 abicio:
296 3903 364 3942 nam
379 3884 448 3943 illud
463 3902 570 3941 aurora
586 3883 665 3960 ducit
685 3881 780 3958 potius
798 3881 836 3939 ad
853 3898 973 3938 aureum
988 3878 1115 3937 colorem

567 4001 618 4038 na
