<?xml version="1.0" encoding="UTF-8"?>
<!DOCTYPE html PUBLIC "-//W3C//DTD XHTML 1.0 Transitional//EN"
    "http://www.w3.org/TR/xhtml1/DTD/xhtml1-transitional.dtd">
<html xmlns="http://www.w3.org/1999/xhtml" xml:lang="en" lang="en">
 <head>
  <title>
</title>
<meta http-equiv="Content-Type" content="text/html;charset=utf-8" />
  <meta name='ocr-system' content='tesseract 3.04.00' />
  <meta name='ocr-capabilities' content='ocr_page ocr_carea ocr_par ocr_line ocrx_word'/>
</head>
<body>
  <div class='ocr_page' id='page_1' title='image "./noctesmaniliana00elligoog/noctesmaniliana00elligoog_0212.png"; bbox 0 0 2760 4448; ppageno 0'>
   <div class='ocr_carea' id='block_1_1' title="bbox 668 293 1211 370">
    <p class='ocr_par' dir='ltr' id='par_1_1' title="bbox 668 293 1211 370">
     <span class='ocr_line' id='line_1_1' title="bbox 668 293 1211 370; baseline 0.006 -3"><span class='ocrx_word' id='word_1_1' title='bbox 668 293 695 347; x_wconf 73' lang='lat' dir='ltr'>r</span> <span class='ocrx_word' id='word_1_2' title='bbox 1149 294 1211 370; x_wconf 78' lang='lat'>193</span> 
     </span>
    </p>
   </div>
   <div class='ocr_carea' id='block_1_2' title="bbox 161 454 1212 1211">
    <p class='ocr_par' dir='ltr' id='par_1_2' title="bbox 161 454 1212 1211">
     <span class='ocr_line' id='line_1_2' title="bbox 161 454 1212 534; baseline 0.001 -19"><span class='ocrx_word' id='word_1_3' title='bbox 161 456 177 515; x_wconf 96' lang='lat' dir='ltr'>I</span> <span class='ocrx_word' id='word_1_4' title='bbox 199 455 283 516; x_wconf 84' lang='lat' dir='ltr'>think</span> <span class='ocrx_word' id='word_1_5' title='bbox 300 455 422 534; x_wconf 81' lang='lat' dir='ltr'>rightly3</span> <span class='ocrx_word' id='word_1_6' title='bbox 451 456 472 516; x_wconf 90' lang='lat' dir='ltr'>it</span> <span class='ocrx_word' id='word_1_7' title='bbox 494 474 593 516; x_wconf 91' lang='lat' dir='ltr'>recurs</span> <span class='ocrx_word' id='word_1_8' title='bbox 613 454 741 534; x_wconf 85' lang='lat' dir='ltr'><strong>perhaps</strong></span> <span class='ocrx_word' id='word_1_9' title='bbox 763 455 793 514; x_wconf 90' lang='lat' dir='ltr'>in</span> <span class='ocrx_word' id='word_1_10' title='bbox 817 470 893 532; x_wconf 90' lang='lat'><strong>1195</strong></span> <span class='ocrx_word' id='word_1_11' title='bbox 907 454 1212 534; x_wconf 62' lang='lat' dir='ltr'>fransmundus,</span> 
     </span>
     <span class='ocr_line' id='line_1_3' title="bbox 161 554 1211 633; baseline 0.001 -18"><span class='ocrx_word' id='word_1_12' title='bbox 161 555 212 615; x_wconf 90' lang='lat' dir='ltr'>i.e.</span> <span class='ocrx_word' id='word_1_13' title='bbox 233 557 358 630; x_wconf 66' lang='lat' dir='ltr'>tumebat,</span> <span class='ocrx_word' id='word_1_14' title='bbox 379 555 428 615; x_wconf 90' lang='lat' dir='ltr'>the</span> <span class='ocrx_word' id='word_1_15' title='bbox 452 554 499 615; x_wconf 92' lang='lat' dir='ltr'>IN</span> <span class='ocrx_word' id='word_1_16' title='bbox 523 554 630 632; x_wconf 83' lang='lat' dir='ltr'>having</span> <span class='ocrx_word' id='word_1_17' title='bbox 654 555 741 614; x_wconf 87' lang='lat' dir='ltr'>lallen</span> <span class='ocrx_word' id='word_1_18' title='bbox 765 563 816 614; x_wconf 94' lang='lat' dir='ltr'>out</span> <span class='ocrx_word' id='word_1_19' title='bbox 844 554 919 613; x_wconf 85' lang='lat' dir='ltr'>from</span> <span class='ocrx_word' id='word_1_20' title='bbox 946 555 982 614; x_wconf 92' lang='lat' dir='ltr'>its</span> <span class='ocrx_word' id='word_1_21' title='bbox 1010 554 1132 633; x_wconf 86' lang='lat' dir='ltr'>looking</span> <span class='ocrx_word' id='word_1_22' title='bbox 1155 555 1211 616; x_wconf 88' lang='lat' dir='ltr'><strong>like</strong></span> 
     </span>
     <span class='ocr_line' id='line_1_4' title="bbox 161 652 1212 731; baseline -0.001 -19"><span class='ocrx_word' id='word_1_23' title='bbox 161 652 284 714; x_wconf 88' lang='lat' dir='ltr'>another</span> <span class='ocrx_word' id='word_1_24' title='bbox 298 653 342 713; x_wconf 92' lang='lat' dir='ltr'>M.</span> <span class='ocrx_word' id='word_1_25' title='bbox 381 654 449 713; x_wconf 87' lang='lat' dir='ltr'>The</span> <span class='ocrx_word' id='word_1_26' title='bbox 463 653 603 730; x_wconf 86' lang='lat' dir='ltr'>meaning</span> <span class='ocrx_word' id='word_1_27' title='bbox 615 654 640 713; x_wconf 95' lang='lat' dir='ltr'>is</span> <span class='ocrx_word' id='word_1_28' title='bbox 655 653 756 713; x_wconf 82' lang='lat' dir='ltr'>shown</span> <span class='ocrx_word' id='word_1_29' title='bbox 769 653 799 713; x_wconf 93' lang='lat' dir='ltr'>in</span> <span class='ocrx_word' id='word_1_30' title='bbox 814 652 862 712; x_wconf 90' lang='lat' dir='ltr'>the</span> <span class='ocrx_word' id='word_1_31' title='bbox 877 654 1046 731; x_wconf 91' lang='lat' dir='ltr'>compound</span> <span class='ocrx_word' id='word_1_32' title='bbox 1061 655 1212 725; x_wconf 77' lang='lat' dir='ltr'>tinmz&#39;nere,</span> 
     </span>
     <span class='ocr_line' id='line_1_5' title="bbox 163 750 1212 829; baseline -0.001 -17"><span class='ocrx_word' id='word_1_33' title='bbox 163 755 222 812; x_wconf 88' lang='lat' dir='ltr'>“to</span> <span class='ocrx_word' id='word_1_34' title='bbox 236 752 315 829; x_wconf 88' lang='lat' dir='ltr'>hang</span> <span class='ocrx_word' id='word_1_35' title='bbox 329 750 425 825; x_wconf 88' lang='lat' dir='ltr'>over,&#39;&#39;</span> <span class='ocrx_word' id='word_1_36' title='bbox 440 772 458 811; x_wconf 91' lang='lat' dir='ltr'>a</span> <span class='ocrx_word' id='word_1_37' title='bbox 471 753 552 812; x_wconf 91' lang='lat' dir='ltr'>word</span> <span class='ocrx_word' id='word_1_38' title='bbox 565 772 633 828; x_wconf 87' lang='lat' dir='ltr'>very</span> <span class='ocrx_word' id='word_1_39' title='bbox 647 752 810 829; x_wconf 82' lang='lat' dir='ltr'>expressive</span> <span class='ocrx_word' id='word_1_40' title='bbox 826 751 916 810; x_wconf 87' lang='lat' dir='ltr'>either</span> <span class='ocrx_word' id='word_1_41' title='bbox 929 750 963 812; x_wconf 85' lang='lat' dir='ltr'>ol</span> <span class='ocrx_word' id='word_1_42' title='bbox 978 751 1026 810; x_wconf 87' lang='lat' dir='ltr'>the</span> <span class='ocrx_word' id='word_1_43' title='bbox 1040 770 1132 828; x_wconf 92' lang='lat' dir='ltr'>upper</span> <span class='ocrx_word' id='word_1_44' title='bbox 1146 761 1212 829; x_wconf 87' lang='lat' dir='ltr'>part</span> 
     </span>
     <span class='ocr_line' id='line_1_6' title="bbox 162 849 1212 928; baseline -0.003 -18"><span class='ocrx_word' id='word_1_45' title='bbox 162 850 196 910; x_wconf 84' lang='lat' dir='ltr'>ol</span> <span class='ocrx_word' id='word_1_46' title='bbox 213 870 231 910; x_wconf 91' lang='lat' dir='ltr'>a</span> <span class='ocrx_word' id='word_1_47' title='bbox 247 851 339 911; x_wconf 93' lang='lat' dir='ltr'>house</span> <span class='ocrx_word' id='word_1_48' title='bbox 356 851 478 928; x_wconf 89' lang='lat' dir='ltr'>bulging</span> <span class='ocrx_word' id='word_1_49' title='bbox 497 861 549 909; x_wconf 91' lang='lat' dir='ltr'>out</span> <span class='ocrx_word' id='word_1_50' title='bbox 568 850 627 909; x_wconf 90' lang='lat' dir='ltr'>and</span> <span class='ocrx_word' id='word_1_51' title='bbox 647 851 807 928; x_wconf 88' lang='lat' dir='ltr'>appearing</span> <span class='ocrx_word' id='word_1_52' title='bbox 827 868 868 909; x_wconf 95' lang='lat' dir='ltr'>on</span> <span class='ocrx_word' id='word_1_53' title='bbox 886 849 934 908; x_wconf 86' lang='lat' dir='ltr'>the</span> <span class='ocrx_word' id='word_1_54' title='bbox 952 850 1035 926; x_wconf 90' lang='lat' dir='ltr'>point</span> <span class='ocrx_word' id='word_1_55' title='bbox 1054 861 1086 908; x_wconf 90' lang='lat' dir='ltr'>to</span> <span class='ocrx_word' id='word_1_56' title='bbox 1105 849 1162 922; x_wconf 86' lang='lat' dir='ltr'>fall,</span> <span class='ocrx_word' id='word_1_57' title='bbox 1178 869 1212 909; x_wconf 93' lang='lat' dir='ltr'>or</span> 
     </span>
     <span class='ocr_line' id='line_1_7' title="bbox 162 947 1212 1028; baseline -0.002 -20"><span class='ocrx_word' id='word_1_58' title='bbox 162 947 198 1008; x_wconf 92' lang='lat' dir='ltr'>of</span> <span class='ocrx_word' id='word_1_59' title='bbox 215 968 233 1007; x_wconf 92' lang='lat' dir='ltr'>a</span> <span class='ocrx_word' id='word_1_60' title='bbox 253 950 334 1009; x_wconf 91' lang='lat' dir='ltr'>brow</span> <span class='ocrx_word' id='word_1_61' title='bbox 354 949 447 1028; x_wconf 88' lang='lat' dir='ltr'>heavy</span> <span class='ocrx_word' id='word_1_62' title='bbox 467 949 527 1008; x_wconf 90' lang='lat' dir='ltr'>and</span> <span class='ocrx_word' id='word_1_63' title='bbox 547 948 748 1026; x_wconf 90' lang='lat' dir='ltr'>overhanging</span> <span class='ocrx_word' id='word_1_64' title='bbox 768 948 817 1008; x_wconf 92' lang='lat' dir='ltr'>the</span> <span class='ocrx_word' id='word_1_65' title='bbox 839 958 897 1007; x_wconf 89' lang='lat' dir='ltr'>rest</span> <span class='ocrx_word' id='word_1_66' title='bbox 918 947 953 1007; x_wconf 85' lang='lat' dir='ltr'>oi</span> <span class='ocrx_word' id='word_1_67' title='bbox 971 947 1019 1006; x_wconf 88' lang='lat' dir='ltr'>the</span> <span class='ocrx_word' id='word_1_68' title='bbox 1040 947 1109 1020; x_wconf 85' lang='lat' dir='ltr'>face,</span> <span class='ocrx_word' id='word_1_69' title='bbox 1128 966 1160 1007; x_wconf 93' lang='lat' dir='ltr'>as</span> <span class='ocrx_word' id='word_1_70' title='bbox 1182 949 1212 1006; x_wconf 91' lang='lat' dir='ltr'>in</span> 
     </span>
     <span class='ocr_line' id='line_1_8' title="bbox 162 1045 1212 1127; baseline 0.001 -22"><span class='ocrx_word' id='word_1_71' title='bbox 162 1064 261 1119; x_wconf 84' lang='lat' dir='ltr'>severe</span> <span class='ocrx_word' id='word_1_72' title='bbox 292 1045 407 1107; x_wconf 86' lang='lat' dir='ltr'>illness’</span> <span class='ocrx_word' id='word_1_73' title='bbox 457 1047 526 1108; x_wconf 92' lang='lat' dir='ltr'>Hoc</span> <span class='ocrx_word' id='word_1_74' title='bbox 557 1058 686 1127; x_wconf 91' lang='lat' dir='ltr'>recepto,</span> <span class='ocrx_word' id='word_1_75' title='bbox 715 1057 811 1109; x_wconf 88' lang='lat' dir='ltr'>cetera</span> <span class='ocrx_word' id='word_1_76' title='bbox 845 1048 884 1107; x_wconf 90' lang='lat' dir='ltr'>ad</span> <span class='ocrx_word' id='word_1_77' title='bbox 917 1045 1054 1125; x_wconf 85' lang='lat' dir='ltr'>Scaligerl</span> <span class='ocrx_word' id='word_1_78' title='bbox 1081 1058 1212 1106; x_wconf 86' lang='lat' dir='ltr'>mentem</span> 
     </span>
     <span class='ocr_line' id='line_1_9' title="bbox 162 1146 289 1211; baseline 0.008 -7"><span class='ocrx_word' id='word_1_79' title='bbox 162 1146 289 1211; x_wconf 83' lang='lat' dir='ltr'><strong>scribas:</strong></span> 
     </span>
    </p>
   </div>
   <div class='ocr_carea' id='block_1_3' title="bbox 284 1244 1038 1421">
    <p class='ocr_par' dir='ltr' id='par_1_3' title="bbox 284 1244 1038 1421">
     <span class='ocr_line' id='line_1_10' title="bbox 675 1244 965 1306; baseline -0.01 -1"><span class='ocrx_word' id='word_1_80' title='bbox 675 1244 744 1305; x_wconf 80' lang='lat' dir='ltr'>facit</span> <span class='ocrx_word' id='word_1_81' title='bbox 764 1263 816 1306; x_wconf 89' lang='lat' dir='ltr'>ora</span> <span class='ocrx_word' id='word_1_82' title='bbox 837 1245 965 1305; x_wconf 90' lang='lat' dir='ltr'>minere:</span> 
     </span>
     <span class='ocr_line' id='line_1_11' title="bbox 284 1340 1038 1421; baseline 0 -21"><span class='ocrx_word' id='word_1_83' title='bbox 284 1340 401 1403; x_wconf 88' lang='lat' dir='ltr'>Frontis</span> <span class='ocrx_word' id='word_1_84' title='bbox 423 1361 457 1402; x_wconf 90' lang='lat' dir='ltr'>ae</span> <span class='ocrx_word' id='word_1_85' title='bbox 479 1342 576 1402; x_wconf 90' lang='lat' dir='ltr'>uultus</span> <span class='ocrx_word' id='word_1_86' title='bbox 597 1343 748 1421; x_wconf 89' lang='lat' dir='ltr'>componit</span> <span class='ocrx_word' id='word_1_87' title='bbox 768 1343 900 1420; x_wconf 89' lang='lat' dir='ltr'>pondere</span> <span class='ocrx_word' id='word_1_88' title='bbox 921 1342 1038 1403; x_wconf 87' lang='lat' dir='ltr'>mentis.</span> 
     </span>
    </p>
   </div>
   <div class='ocr_carea' id='block_1_4' title="bbox 162 1449 1212 1644">
    <p class='ocr_par' dir='ltr' id='par_1_4' title="bbox 162 1449 1212 1644">
     <span class='ocr_line' id='line_1_12' title="bbox 164 1449 1212 1544; baseline -0.002 -20"><span class='ocrx_word' id='word_1_89' title='bbox 164 1464 222 1527; x_wconf 91' lang='lat' dir='ltr'>Sed</span> <span class='ocrx_word' id='word_1_90' title='bbox 246 1449 324 1525; x_wconf 87' lang='lat' dir='ltr'>eum</span> <span class='ocrx_word' id='word_1_91' title='bbox 342 1485 451 1524; x_wconf 82' lang='lat' dir='ltr'>seuerae</span> <span class='ocrx_word' id='word_1_92' title='bbox 478 1476 624 1544; x_wconf 87' lang='lat' dir='ltr'>praestent</span> <span class='ocrx_word' id='word_1_93' title='bbox 647 1465 764 1528; x_wconf 84' lang='lat' dir='ltr'>Gembl.</span> <span class='ocrx_word' id='word_1_94' title='bbox 788 1477 816 1525; x_wconf 89' lang='lat' dir='ltr'>et</span> <span class='ocrx_word' id='word_1_95' title='bbox 840 1466 930 1543; x_wconf 90' lang='lat' dir='ltr'>Lips,</span> <span class='ocrx_word' id='word_1_96' title='bbox 955 1485 1083 1527; x_wconf 69' lang='lat' dir='ltr'>seuerum</span> <span class='ocrx_word' id='word_1_97' title='bbox 1104 1461 1212 1537; x_wconf 79' lang='lat' dir='ltr'>Voss.²,</span> 
     </span>
     <span class='ocr_line' id='line_1_13' title="bbox 162 1565 876 1644; baseline 0.001 -20"><span class='ocrx_word' id='word_1_98' title='bbox 162 1565 255 1624; x_wconf 89' lang='lat' dir='ltr'>multo</span> <span class='ocrx_word' id='word_1_99' title='bbox 276 1565 336 1624; x_wconf 88' lang='lat' dir='ltr'>ueri</span> <span class='ocrx_word' id='word_1_100' title='bbox 356 1565 478 1626; x_wconf 87' lang='lat' dir='ltr'>similius</span> <span class='ocrx_word' id='word_1_101' title='bbox 499 1575 544 1626; x_wconf 83' lang='lat' dir='ltr'>est</span> <span class='ocrx_word' id='word_1_102' title='bbox 564 1565 719 1626; x_wconf 86' lang='lat' dir='ltr'>Manilium</span> <span class='ocrx_word' id='word_1_103' title='bbox 741 1565 876 1644; x_wconf 84' lang='lat' dir='ltr'>scripisse</span> 
     </span>
    </p>
   </div>
   <div class='ocr_carea' id='block_1_5' title="bbox 189 1676 1069 1854">
    <p class='ocr_par' dir='ltr' id='par_1_5' title="bbox 189 1676 1069 1854">
     <span class='ocr_line' id='line_1_14' title="bbox 653 1676 940 1737; baseline 0.007 -3"><span class='ocrx_word' id='word_1_104' title='bbox 653 1676 720 1737; x_wconf 82' lang='lat' dir='ltr'>lacit</span> <span class='ocrx_word' id='word_1_105' title='bbox 744 1695 797 1736; x_wconf 89' lang='lat' dir='ltr'>ora</span> <span class='ocrx_word' id='word_1_106' title='bbox 821 1696 940 1736; x_wconf 90' lang='lat' dir='ltr'>seuerae</span> 
     </span>
     <span class='ocr_line' id='line_1_15' title="bbox 189 1775 1069 1854; baseline -0.002 -20"><span class='ocrx_word' id='word_1_107' title='bbox 189 1834 195 1853; x_wconf 62' lang='grc'><em>,</em></span> <span class='ocrx_word' id='word_1_108' title='bbox 286 1775 409 1848; x_wconf 84' lang='lat' dir='ltr'>Frontis,</span> <span class='ocrx_word' id='word_1_109' title='bbox 430 1781 458 1834; x_wconf 82' lang='lat' dir='ltr'>et</span> <span class='ocrx_word' id='word_1_110' title='bbox 475 1795 494 1833; x_wconf 84' lang='lat' dir='ltr'>a</span> <span class='ocrx_word' id='word_1_111' title='bbox 514 1775 611 1835; x_wconf 91' lang='lat' dir='ltr'>uultus</span> <span class='ocrx_word' id='word_1_112' title='bbox 631 1776 782 1852; x_wconf 87' lang='lat' dir='ltr'>componit</span> <span class='ocrx_word' id='word_1_113' title='bbox 803 1775 932 1854; x_wconf 90' lang='lat' dir='ltr'>pondere</span> <span class='ocrx_word' id='word_1_114' title='bbox 953 1775 1069 1834; x_wconf 86' lang='lat' dir='ltr'>mentis.</span> 
     </span>
    </p>
   </div>
   <div class='ocr_carea' id='block_1_6' title="bbox 204 1899 711 1977">
    <p class='ocr_par' dir='ltr' id='par_1_6' title="bbox 204 1899 711 1977">
     <span class='ocr_line' id='line_1_16' title="bbox 204 1899 711 1977; baseline 0.004 -21"><span class='ocrx_word' id='word_1_115' title='bbox 204 1899 241 1958; x_wconf 92' lang='lat' dir='ltr'>V.</span> <span class='ocrx_word' id='word_1_116' title='bbox 258 1914 316 1974; x_wconf 88' lang='lat'>455</span> <span class='ocrx_word' id='word_1_117' title='bbox 332 1919 396 1977; x_wconf 90' lang='lat' dir='ltr'>sqq.</span> <span class='ocrx_word' id='word_1_118' title='bbox 411 1900 452 1960; x_wconf 90' lang='lat' dir='ltr'>sic</span> <span class='ocrx_word' id='word_1_119' title='bbox 468 1901 579 1959; x_wconf 90' lang='lat' dir='ltr'>suntin</span> <span class='ocrx_word' id='word_1_120' title='bbox 592 1899 711 1958; x_wconf 89' lang='lat' dir='ltr'>Gembl.</span> 
     </span>
    </p>
   </div>
   <div class='ocr_carea' id='block_1_7' title="bbox 285 2015 1127 2388">
    <p class='ocr_par' dir='ltr' id='par_1_7' title="bbox 286 2015 1036 2190">
     <span class='ocr_line' id='line_1_17' title="bbox 286 2015 946 2097; baseline -0.003 -23"><span class='ocrx_word' id='word_1_121' title='bbox 286 2015 442 2075; x_wconf 90' lang='lat' dir='ltr'>Tutorisue</span> <span class='ocrx_word' id='word_1_122' title='bbox 464 2016 649 2096; x_wconf 89' lang='lat' dir='ltr'>supercilium</span> <span class='ocrx_word' id='word_1_123' title='bbox 669 2015 800 2097; x_wconf 89' lang='lat' dir='ltr'>patruiue</span> <span class='ocrx_word' id='word_1_124' title='bbox 821 2016 946 2093; x_wconf 87' lang='lat' dir='ltr'>rigorem</span> 
     </span>
     <span class='ocr_line' id='line_1_18' title="bbox 286 2114 1036 2190; baseline -0.001 -17"><span class='ocrx_word' id='word_1_125' title='bbox 286 2114 477 2190; x_wconf 90' lang='lat' dir='ltr'>Component</span> <span class='ocrx_word' id='word_1_126' title='bbox 497 2125 613 2177; x_wconf 89' lang='lat' dir='ltr'>teneros</span> <span class='ocrx_word' id='word_1_127' title='bbox 634 2115 722 2176; x_wconf 89' lang='lat' dir='ltr'>etiam</span> <span class='ocrx_word' id='word_1_128' title='bbox 743 2115 793 2190; x_wconf 92' lang='lat' dir='ltr'>qui</span> <span class='ocrx_word' id='word_1_129' title='bbox 813 2115 920 2177; x_wconf 90' lang='lat' dir='ltr'>nutriat</span> <span class='ocrx_word' id='word_1_130' title='bbox 940 2131 1036 2175; x_wconf 90' lang='lat' dir='ltr'>annos</span> 
     </span>
    </p>

    <p class='ocr_par' dir='ltr' id='par_1_8' title="bbox 285 2210 1127 2388">
     <span class='ocr_line' id='line_1_19' title="bbox 285 2210 1053 2289; baseline -0.001 -19"><span class='ocrx_word' id='word_1_131' title='bbox 285 2210 323 2270; x_wconf 88' lang='lat' dir='ltr'>Et</span> <span class='ocrx_word' id='word_1_132' title='bbox 344 2212 496 2270; x_wconf 91' lang='lat' dir='ltr'>dominum</span> <span class='ocrx_word' id='word_1_133' title='bbox 518 2212 644 2271; x_wconf 90' lang='lat' dir='ltr'>dominis</span> <span class='ocrx_word' id='word_1_134' title='bbox 664 2222 812 2289; x_wconf 88' lang='lat' dir='ltr'>praetexta</span> <span class='ocrx_word' id='word_1_135' title='bbox 832 2212 897 2289; x_wconf 90' lang='lat' dir='ltr'>lege</span> <span class='ocrx_word' id='word_1_136' title='bbox 915 2222 1053 2289; x_wconf 88' lang='lat' dir='ltr'>sequatur</span> 
     </span>
     <span class='ocr_line' id='line_1_20' title="bbox 286 2310 1127 2388; baseline 0.001 -19"><span class='ocrx_word' id='word_1_137' title='bbox 286 2310 434 2388; x_wconf 88' lang='lat' dir='ltr'>Quodque</span> <span class='ocrx_word' id='word_1_138' title='bbox 455 2311 514 2387; x_wconf 88' lang='lat' dir='ltr'>agit</span> <span class='ocrx_word' id='word_1_139' title='bbox 534 2310 564 2369; x_wconf 90' lang='lat' dir='ltr'>id</span> <span class='ocrx_word' id='word_1_140' title='bbox 584 2310 684 2370; x_wconf 89' lang='lat' dir='ltr'>eredat</span> <span class='ocrx_word' id='word_1_141' title='bbox 703 2310 881 2387; x_wconf 86' lang='lat' dir='ltr'>stupefactus</span> <span class='ocrx_word' id='word_1_142' title='bbox 901 2311 1028 2386; x_wconf 86' lang='lat' dir='ltr'>imagine</span> <span class='ocrx_word' id='word_1_143' title='bbox 1050 2310 1127 2370; x_wconf 91' lang='lat' dir='ltr'>iuris.</span> 
     </span>
    </p>
   </div>
   <div class='ocr_carea' id='block_1_8' title="bbox 156 2426 1219 3967">
    <p class='ocr_par' dir='ltr' id='par_1_9' title="bbox 156 2426 1215 2806">
     <span class='ocr_line' id='line_1_21' title="bbox 206 2426 1213 2511; baseline -0.001 -18"><span class='ocrx_word' id='word_1_144' title='bbox 206 2446 264 2508; x_wconf 84' lang='lat'>455</span> <span class='ocrx_word' id='word_1_145' title='bbox 293 2433 472 2511; x_wconf 89' lang='lat' dir='ltr'>Tutorisque</span> <span class='ocrx_word' id='word_1_146' title='bbox 507 2433 593 2493; x_wconf 68' lang='lat' dir='ltr'>Voss.²</span> <span class='ocrx_word' id='word_1_147' title='bbox 629 2434 761 2511; x_wconf 89' lang='lat' dir='ltr'>patruiue</span> <span class='ocrx_word' id='word_1_148' title='bbox 796 2438 876 2510; x_wconf 78' lang='lat' dir='ltr'>‘post</span> <span class='ocrx_word' id='word_1_149' title='bbox 908 2434 918 2491; x_wconf 93' lang='lat' dir='ltr'>i</span> <span class='ocrx_word' id='word_1_150' title='bbox 953 2454 1011 2492; x_wconf 85' lang='lat' dir='ltr'>una</span> <span class='ocrx_word' id='word_1_151' title='bbox 1046 2436 1098 2492; x_wconf 81' lang='lat' dir='ltr'><em>litt.</em></span> <span class='ocrx_word' id='word_1_152' title='bbox 1130 2426 1213 2492; x_wconf 65' lang='lat' dir='ltr'>eras?</span> 
     </span>
     <span class='ocr_line' id='line_1_22' title="bbox 167 2531 1214 2610; baseline -0.001 -20"><span class='ocrx_word' id='word_1_153' title='bbox 167 2531 344 2592; x_wconf 80' lang='lat' dir='ltr'>Thomasz&#39;us.</span> <span class='ocrx_word' id='word_1_154' title='bbox 368 2531 481 2591; x_wconf 80' lang='lat' dir='ltr'>Fuerat</span> <span class='ocrx_word' id='word_1_155' title='bbox 506 2533 667 2610; x_wconf 88' lang='lat' dir='ltr'>patruique.</span> <span class='ocrx_word' id='word_1_156' title='bbox 724 2545 782 2606; x_wconf 82' lang='lat'>457</span> <span class='ocrx_word' id='word_1_157' title='bbox 808 2532 946 2591; x_wconf 90' lang='lat' dir='ltr'>dominus</span> <span class='ocrx_word' id='word_1_158' title='bbox 977 2535 1103 2610; x_wconf 83' lang='lat' dir='ltr'>plerique</span> <span class='ocrx_word' id='word_1_159' title='bbox 1129 2550 1214 2609; x_wconf 91' lang='lat' dir='ltr'>prae·</span> 
     </span>
     <span class='ocr_line' id='line_1_23' title="bbox 162 2629 1215 2708; baseline -0.001 -19"><span class='ocrx_word' id='word_1_160' title='bbox 162 2640 243 2689; x_wconf 88' lang='lat' dir='ltr'>texta</span> <span class='ocrx_word' id='word_1_161' title='bbox 269 2632 352 2688; x_wconf 75' lang='lat' dir='ltr'>etrum</span> <span class='ocrx_word' id='word_1_162' title='bbox 384 2629 470 2690; x_wconf 66' lang='lat' dir='ltr'>Voss}</span> <span class='ocrx_word' id='word_1_163' title='bbox 494 2639 660 2708; x_wconf 78' lang='lat' dir='ltr'>praetextae</span> <span class='ocrx_word' id='word_1_164' title='bbox 686 2649 703 2688; x_wconf 85' lang='lat' dir='ltr'>o</span> <span class='ocrx_word' id='word_1_165' title='bbox 726 2629 743 2688; x_wconf 80' lang='lat' dir='ltr'>d</span> <span class='ocrx_word' id='word_1_166' title='bbox 767 2649 829 2688; x_wconf 86' lang='lat' dir='ltr'>cum</span> <span class='ocrx_word' id='word_1_167' title='bbox 853 2633 1000 2708; x_wconf 64' lang='lat' dir='ltr'>plerasque.</span> <span class='ocrx_word' id='word_1_168' title='bbox 1057 2633 1116 2704; x_wconf 83' lang='lat'>458</span> <span class='ocrx_word' id='word_1_169' title='bbox 1145 2639 1215 2705; x_wconf 89' lang='lat' dir='ltr'>agat</span> 
     </span>
     <span class='ocr_line' id='line_1_24' title="bbox 156 2729 292 2806; baseline 0 -19"><span class='ocrx_word' id='word_1_170' title='bbox 156 2729 292 2806; x_wconf 74' lang='lat' dir='ltr'>plerique.</span> 
     </span>
    </p>

    <p class='ocr_par' dir='ltr' id='par_1_10' title="bbox 162 2825 1219 3967">
     <span class='ocr_line' id='line_1_25' title="bbox 205 2825 1212 2902; baseline 0 -16"><span class='ocrx_word' id='word_1_171' title='bbox 205 2825 376 2886; x_wconf 91' lang='lat' dir='ltr'>Gronouius</span> <span class='ocrx_word' id='word_1_172' title='bbox 397 2825 521 2886; x_wconf 80' lang='lat' dir='ltr'>Obseru.</span> <span class='ocrx_word' id='word_1_173' title='bbox 541 2825 571 2885; x_wconf 91' lang='lat' dir='ltr'>ii.</span> <span class='ocrx_word' id='word_1_174' title='bbox 595 2845 629 2885; x_wconf 91' lang='lat'>11</span> <span class='ocrx_word' id='word_1_175' title='bbox 653 2826 708 2886; x_wconf 80' lang='lat' dir='ltr'>‘ita</span> <span class='ocrx_word' id='word_1_176' title='bbox 728 2825 967 2902; x_wconf 80' lang='lat' dir='ltr'>interpretamurr</span> <span class='ocrx_word' id='word_1_177' title='bbox 993 2826 1054 2898; x_wconf 84' lang='lat' dir='ltr'>Qut</span> <span class='ocrx_word' id='word_1_178' title='bbox 1075 2825 1212 2887; x_wconf 87' lang='lat' dir='ltr'>dominus</span> 
     </span>
     <span class='ocr_line' id='line_1_26' title="bbox 163 2919 1213 2998; baseline -0.001 -19"><span class='ocrx_word' id='word_1_179' title='bbox 163 2919 316 2980; x_wconf 89' lang='lat' dir='ltr'>dominum</span> <span class='ocrx_word' id='word_1_180' title='bbox 336 2928 480 2998; x_wconf 89' lang='lat' dir='ltr'>sequatur,</span> <span class='ocrx_word' id='word_1_181' title='bbox 503 2929 533 2979; x_wconf 89' lang='lat' dir='ltr'>et</span> <span class='ocrx_word' id='word_1_182' title='bbox 553 2919 633 2997; x_wconf 94' lang='lat' dir='ltr'>quod</span> <span class='ocrx_word' id='word_1_183' title='bbox 653 2920 720 2997; x_wconf 89' lang='lat' dir='ltr'>agit,</span> <span class='ocrx_word' id='word_1_184' title='bbox 740 2919 820 2997; x_wconf 94' lang='lat' dir='ltr'>quod</span> <span class='ocrx_word' id='word_1_185' title='bbox 844 2921 918 2996; x_wconf 90' lang='lat' dir='ltr'>gerit</span> <span class='ocrx_word' id='word_1_186' title='bbox 941 2921 1103 2997; x_wconf 88' lang='lat' dir='ltr'>imperium,</span> <span class='ocrx_word' id='word_1_187' title='bbox 1122 2935 1213 2998; x_wconf 90' lang='lat' dir='ltr'>quem</span> 
     </span>
     <span class='ocr_line' id='line_1_27' title="bbox 162 3016 1213 3092; baseline 0.003 -17"><span class='ocrx_word' id='word_1_188' title='bbox 162 3019 287 3076; x_wconf 92' lang='lat' dir='ltr'>mimum</span> <span class='ocrx_word' id='word_1_189' title='bbox 307 3018 437 3091; x_wconf 86' lang='lat' dir='ltr'>domini;</span> <span class='ocrx_word' id='word_1_190' title='bbox 469 3018 500 3077; x_wconf 94' lang='lat' dir='ltr'>id</span> <span class='ocrx_word' id='word_1_191' title='bbox 521 3018 627 3090; x_wconf 84' lang='lat' dir='ltr'>eredat,</span> <span class='ocrx_word' id='word_1_192' title='bbox 646 3017 676 3076; x_wconf 94' lang='lat' dir='ltr'>id</span> <span class='ocrx_word' id='word_1_193' title='bbox 697 3036 728 3077; x_wconf 91' lang='lat' dir='ltr'>se</span> <span class='ocrx_word' id='word_1_194' title='bbox 749 3016 856 3078; x_wconf 82' lang='lat' dir='ltr'>habere</span> <span class='ocrx_word' id='word_1_195' title='bbox 877 3036 987 3092; x_wconf 87' lang='lat' dir='ltr'>reuera,</span> <span class='ocrx_word' id='word_1_196' title='bbox 1007 3037 1075 3077; x_wconf 89' lang='lat' dir='ltr'>eum</span> <span class='ocrx_word' id='word_1_197' title='bbox 1096 3037 1127 3077; x_wconf 93' lang='lat' dir='ltr'>se</span> <span class='ocrx_word' id='word_1_198' title='bbox 1148 3036 1213 3078; x_wconf 90' lang='lat' dir='ltr'>esse</span> 
     </span>
     <span class='ocr_line' id='line_1_28' title="bbox 163 3116 1213 3196; baseline -0.005 -18"><span class='ocrx_word' id='word_1_199' title='bbox 163 3118 277 3194; x_wconf 88' lang='lat' dir='ltr'>opinari</span> <span class='ocrx_word' id='word_1_200' title='bbox 299 3117 398 3196; x_wconf 85' lang='lat' dir='ltr'>possit,</span> <span class='ocrx_word' id='word_1_201' title='bbox 424 3117 564 3194; x_wconf 89' lang='lat' dir='ltr'>deceptus</span> <span class='ocrx_word' id='word_1_202' title='bbox 585 3127 615 3175; x_wconf 92' lang='lat' dir='ltr'>et</span> <span class='ocrx_word' id='word_1_203' title='bbox 641 3116 795 3176; x_wconf 87' lang='lat' dir='ltr'>blandiens</span> <span class='ocrx_word' id='word_1_204' title='bbox 823 3117 877 3175; x_wconf 89' lang='lat' dir='ltr'>sibi</span> <span class='ocrx_word' id='word_1_205' title='bbox 898 3117 1026 3194; x_wconf 81' lang='lat' dir='ltr'>imagine</span> <span class='ocrx_word' id='word_1_206' title='bbox 1051 3117 1213 3193; x_wconf 81' lang='lat' dir='ltr'>potestatis,</span> 
     </span>
     <span class='ocr_line' id='line_1_29' title="bbox 163 3216 1217 3297; baseline -0.003 -21"><span class='ocrx_word' id='word_1_207' title='bbox 163 3236 238 3297; x_wconf 88' lang='lat' dir='ltr'>quae</span> <span class='ocrx_word' id='word_1_208' title='bbox 258 3218 285 3276; x_wconf 88' lang='lat' dir='ltr'>ei</span> <span class='ocrx_word' id='word_1_209' title='bbox 306 3217 445 3276; x_wconf 89' lang='lat' dir='ltr'>mandata</span> <span class='ocrx_word' id='word_1_210' title='bbox 467 3216 529 3280; x_wconf 82' lang='lat' dir='ltr'>est,&#39;</span> <span class='ocrx_word' id='word_1_211' title='bbox 580 3216 649 3275; x_wconf 88' lang='lat' dir='ltr'>Hoc</span> <span class='ocrx_word' id='word_1_212' title='bbox 674 3216 781 3293; x_wconf 89' lang='lat' dir='ltr'>recepit</span> <span class='ocrx_word' id='word_1_213' title='bbox 805 3216 962 3278; x_wconf 86' lang='lat' dir='ltr'>Bentleius.</span> <span class='ocrx_word' id='word_1_214' title='bbox 1014 3217 1161 3282; x_wconf 86' lang='lat' dir='ltr'>Nimirum</span> <span class='ocrx_word' id='word_1_215' title='bbox 1182 3216 1217 3273; x_wconf 79' lang='lat' dir='ltr'>id</span> 
     </span>
     <span class='ocr_line' id='line_1_30' title="bbox 162 3313 1214 3392; baseline -0.002 -19"><span class='ocrx_word' id='word_1_216' title='bbox 162 3317 261 3379; x_wconf 78' lang='lat' dir='ltr'>credat</span> <span class='ocrx_word' id='word_1_217' title='bbox 278 3315 357 3376; x_wconf 91' lang='lat' dir='ltr'>nullo</span> <span class='ocrx_word' id='word_1_218' title='bbox 378 3314 467 3374; x_wconf 90' lang='lat' dir='ltr'>modo</span> <span class='ocrx_word' id='word_1_219' title='bbox 488 3322 584 3392; x_wconf 90' lang='lat' dir='ltr'>potest</span> <span class='ocrx_word' id='word_1_220' title='bbox 605 3314 643 3373; x_wconf 86' lang='lat' dir='ltr'>ad</span> <span class='ocrx_word' id='word_1_221' title='bbox 662 3316 738 3381; x_wconf 73' lang='lat' dir='ltr'>ruris</span> <span class='ocrx_word' id='word_1_222' title='bbox 759 3313 864 3386; x_wconf 72' lang='lat' dir='ltr'>referri</span> <span class='ocrx_word' id='word_1_223' title='bbox 882 3315 962 3392; x_wconf 91' lang='lat' dir='ltr'>quod</span> <span class='ocrx_word' id='word_1_224' title='bbox 983 3315 1124 3374; x_wconf 90' lang='lat' dir='ltr'>artissime</span> <span class='ocrx_word' id='word_1_225' title='bbox 1146 3331 1214 3373; x_wconf 92' lang='lat' dir='ltr'>cum</span> 
     </span>
     <span class='ocr_line' id='line_1_31' title="bbox 163 3411 1214 3491; baseline -0.002 -19"><span class='ocrx_word' id='word_1_226' title='bbox 163 3415 287 3491; x_wconf 72' lang='lat' dir='ltr'>zinagzue</span> <span class='ocrx_word' id='word_1_227' title='bbox 303 3413 447 3486; x_wconf 90' lang='lat' dir='ltr'>cohaeret,</span> <span class='ocrx_word' id='word_1_228' title='bbox 461 3413 513 3472; x_wconf 92' lang='lat' dir='ltr'>sed</span> <span class='ocrx_word' id='word_1_229' title='bbox 532 3422 575 3472; x_wconf 90' lang='lat' dir='ltr'>est</span> <span class='ocrx_word' id='word_1_230' title='bbox 591 3412 610 3471; x_wconf 88' lang='lat' dir='ltr'>i.</span> <span class='ocrx_word' id='word_1_231' title='bbox 624 3432 652 3490; x_wconf 91' lang='lat' dir='ltr'>q.</span> <span class='ocrx_word' id='word_1_232' title='bbox 666 3431 768 3471; x_wconf 87' lang='lat' dir='ltr'>uerum</span> <span class='ocrx_word' id='word_1_233' title='bbox 787 3414 888 3476; x_wconf 85' lang='lat' dir='ltr'>credat</span> <span class='ocrx_word' id='word_1_234' title='bbox 906 3432 969 3474; x_wconf 90' lang='lat' dir='ltr'>esse</span> <span class='ocrx_word' id='word_1_235' title='bbox 987 3414 1047 3472; x_wconf 88' lang='lat' dir='ltr'>siue</span> <span class='ocrx_word' id='word_1_236' title='bbox 1066 3430 1136 3470; x_wconf 92' lang='lat' dir='ltr'>uere</span> <span class='ocrx_word' id='word_1_237' title='bbox 1154 3411 1214 3488; x_wconf 82' lang='lat' dir='ltr'>agi,</span> 
     </span>
     <span class='ocr_line' id='line_1_32' title="bbox 162 3511 1214 3588; baseline -0.001 -16"><span class='ocrx_word' id='word_1_238' title='bbox 162 3532 218 3573; x_wconf 91' lang='lat' dir='ltr'>nee</span> <span class='ocrx_word' id='word_1_239' title='bbox 236 3511 423 3571; x_wconf 89' lang='lat' dir='ltr'>simulacrum</span> <span class='ocrx_word' id='word_1_240' title='bbox 440 3523 553 3570; x_wconf 89' lang='lat' dir='ltr'>tantum</span> <span class='ocrx_word' id='word_1_241' title='bbox 573 3530 637 3570; x_wconf 91' lang='lat' dir='ltr'>esse</span> <span class='ocrx_word' id='word_1_242' title='bbox 656 3512 818 3588; x_wconf 88' lang='lat' dir='ltr'>potestatis,</span> <span class='ocrx_word' id='word_1_243' title='bbox 834 3512 887 3571; x_wconf 90' lang='lat' dir='ltr'>sed</span> <span class='ocrx_word' id='word_1_244' title='bbox 908 3529 1007 3570; x_wconf 89' lang='lat' dir='ltr'>ueram</span> <span class='ocrx_word' id='word_1_245' title='bbox 1026 3518 1214 3587; x_wconf 86' lang='lat' dir='ltr'>potestatem.</span> 
     </span>
     <span class='ocr_line' id='line_1_33' title="bbox 164 3607 1214 3687; baseline -0.002 -17"><span class='ocrx_word' id='word_1_246' title='bbox 164 3612 206 3670; x_wconf 91' lang='lat' dir='ltr'>‘A</span> <span class='ocrx_word' id='word_1_247' title='bbox 219 3610 381 3670; x_wconf 79' lang='lat' dir='ltr'>care-taket</span> <span class='ocrx_word' id='word_1_248' title='bbox 391 3609 458 3669; x_wconf 89' lang='lat' dir='ltr'>who</span> <span class='ocrx_word' id='word_1_249' title='bbox 473 3610 588 3669; x_wconf 88' lang='lat' dir='ltr'>attends</span> <span class='ocrx_word' id='word_1_250' title='bbox 602 3609 647 3668; x_wconf 93' lang='lat' dir='ltr'>his</span> <span class='ocrx_word' id='word_1_251' title='bbox 661 3627 762 3687; x_wconf 89' lang='lat' dir='ltr'>young</span> <span class='ocrx_word' id='word_1_252' title='bbox 776 3619 884 3668; x_wconf 92' lang='lat' dir='ltr'>master</span> <span class='ocrx_word' id='word_1_253' title='bbox 899 3607 1067 3687; x_wconf 68' lang='lat' dir='ltr'>(dommum)</span> <span class='ocrx_word' id='word_1_254' title='bbox 1082 3607 1151 3667; x_wconf 88' lang='lat' dir='ltr'>with</span> <span class='ocrx_word' id='word_1_255' title='bbox 1166 3607 1214 3668; x_wconf 89' lang='lat' dir='ltr'>the</span> 
     </span>
     <span class='ocr_line' id='line_1_34' title="bbox 162 3705 1219 3787; baseline -0.004 -19"><span class='ocrx_word' id='word_1_256' title='bbox 162 3708 309 3786; x_wconf 85' lang='lat' dir='ltr'>authority</span> <span class='ocrx_word' id='word_1_257' title='bbox 330 3707 363 3768; x_wconf 89' lang='lat' dir='ltr'>of</span> <span class='ocrx_word' id='word_1_258' title='bbox 384 3727 402 3767; x_wconf 90' lang='lat' dir='ltr'>a</span> <span class='ocrx_word' id='word_1_259' title='bbox 421 3717 530 3767; x_wconf 89' lang='lat' dir='ltr'>master</span> <span class='ocrx_word' id='word_1_260' title='bbox 551 3705 704 3787; x_wconf 69' lang='lat' dir='ltr'>(dommus)</span> <span class='ocrx_word' id='word_1_261' title='bbox 726 3708 785 3767; x_wconf 89' lang='lat' dir='ltr'>and</span> <span class='ocrx_word' id='word_1_262' title='bbox 806 3707 930 3767; x_wconf 90' lang='lat' dir='ltr'>believes</span> <span class='ocrx_word' id='word_1_263' title='bbox 951 3707 1013 3766; x_wconf 90' lang='lat' dir='ltr'>that</span> <span class='ocrx_word' id='word_1_264' title='bbox 1033 3706 1079 3765; x_wconf 94' lang='lat' dir='ltr'>his</span> <span class='ocrx_word' id='word_1_265' title='bbox 1100 3715 1162 3764; x_wconf 92' lang='lat' dir='ltr'>acts</span> <span class='ocrx_word' id='word_1_266' title='bbox 1183 3705 1219 3765; x_wconf 85' lang='lat' dir='ltr'>ol</span> 
     </span>
     <span class='ocr_line' id='line_1_35' title="bbox 163 3803 1217 3892; baseline -0.003 -25"><span class='ocrx_word' id='word_1_267' title='bbox 163 3806 300 3867; x_wconf 87' lang='lat' dir='ltr'>assumed</span> <span class='ocrx_word' id='word_1_268' title='bbox 318 3806 380 3865; x_wconf 87' lang='lat' dir='ltr'>rule</span> <span class='ocrx_word' id='word_1_269' title='bbox 401 3824 450 3865; x_wconf 90' lang='lat' dir='ltr'>are</span> <span class='ocrx_word' id='word_1_270' title='bbox 469 3824 488 3864; x_wconf 86' lang='lat' dir='ltr'>a</span> <span class='ocrx_word' id='word_1_271' title='bbox 507 3805 615 3884; x_wconf 82' lang='lat' dir='ltr'>reality,</span> <span class='ocrx_word' id='word_1_272' title='bbox 629 3805 803 3866; x_wconf 86' lang='lat' dir='ltr'>bewildered</span> <span class='ocrx_word' id='word_1_273' title='bbox 817 3807 856 3892; x_wconf 85' lang='lat' dir='ltr'>by</span> <span class='ocrx_word' id='word_1_274' title='bbox 870 3805 918 3865; x_wconf 88' lang='lat' dir='ltr'>the</span> <span class='ocrx_word' id='word_1_275' title='bbox 937 3803 1108 3866; x_wconf 85' lang='lat' dir='ltr'>counterleit</span> <span class='ocrx_word' id='word_1_276' title='bbox 1127 3803 1217 3886; x_wconf 86' lang='lat' dir='ltr'>juris-</span> 
     </span>
     <span class='ocr_line' id='line_1_36' title="bbox 163 3902 495 3967; baseline -0.006 -2"><span class='ocrx_word' id='word_1_277' title='bbox 163 3905 273 3967; x_wconf 86' lang='lat' dir='ltr'>diction</span> <span class='ocrx_word' id='word_1_278' title='bbox 286 3904 323 3965; x_wconf 92' lang='lat' dir='ltr'>he</span> <span class='ocrx_word' id='word_1_279' title='bbox 337 3902 495 3966; x_wconf 70' lang='lat' dir='ltr'>exercises!</span> 
     </span>
    </p>
   </div>
   <div class='ocr_carea' id='block_1_9' title="bbox 680 4022 699 4069">
    <p class='ocr_par' dir='ltr' id='par_1_11' title="bbox 680 4022 699 4069">
     <span class='ocr_line' id='line_1_37' title="bbox 680 4022 699 4069; baseline 0 0"><span class='ocrx_word' id='word_1_280' title='bbox 680 4022 699 4069; x_wconf 78' lang='lat'><strong>0</strong></span> 
     </span>
    </p>
   </div>
   <div class='ocr_carea' id='block_1_10' title="bbox 0 0 1388 4448">
    <p class='ocr_par' dir='ltr' id='par_1_12' title="bbox 0 0 1388 4448">
     <span class='ocr_line' id='line_1_38' title="bbox 0 0 1388 4448; baseline 0 0"><span class='ocrx_word' id='word_1_281' title='bbox 0 0 1388 4448; x_wconf 95' lang='lat' dir='ltr'> </span> 
     </span>
    </p>
   </div>
  </div>
 </body>
</html>
