2760 4448
225 238 277 298 ‘24
544 233 692 283 NOCTES
710 233 962 283 MANILIANAE

231 410 288 468 sibi
306 408 449 486 utrimque
465 406 552 467 habet
570 410 608 468 ab
629 408 718 469 altera
734 420 815 486 parte
839 411 974 485 Venerem,
989 412 1027 470 ab
1047 411 1138 471 altera
1157 411 1289 473 Lnnam.

231 508 349 567 Dicitur
368 507 448 565 enim
469 525 515 566 res
536 524 612 584 quae
632 509 802 584 contiguum
822 509 876 568 sibi
894 509 964 587 quid
982 508 1070 568 habet
1086 509 1144 570 hoc
1158 517 1288 588 'tongere
1375 569 1376 573 ,

234 606 297 666 Cic.
312 605 373 665 Mil.
382 607 441 664 xix.
453 619 487 679 51
505 607 546 663 ad
556 606 655 664 uillam
664 626 744 664 suen
759 626 829 683 quae
842 608 919 666 uiant
932 613 1065 684 tangeret.
1107 608 1193 668 Caes.
1205 608 1288 669 B.G.

207 701 210 706 ’
233 726 259 763 ν.
274 705 367 781 ghaec
380 704 483 762 cruitur
496 702 627 762 Rhenum
642 708 741 782 tanget.

276 803 419 876 L825,6

358 901 393 958 ln
414 902 502 960 breue
523 900 594 959 uiuit
614 918 689 977 opus
701 910 854 978 ,ceptaque
874 902 1010 962 incendia
1028 887 1120 962 finem

358 997 524 1057 Subsistunt
544 999 708 1076 pariterque
730 999 838 1058 cadunt
860 1000 1030 1078 fulgentque
1051 1011 1194 1061 cornetae.

276 1097 323 1157 Sic
338 1096 453 1157 Gembl.
493 1096 589 1156 Ceteri
603 1097 644 1155 sic
659 1097 781 1155 uariant.
818 1101 876 1172 825
890 1099 955 1158 licte
972 1098 1058 1158 Vosn²
1072 1099 1130 1158 fine
1147 1095 1244 1171 Vers.¹‚
1257 1104 1292 1156 ut

235 1199 354 1268 nudetur,
369 1215 408 1254 ex
421 1195 484 1254 firte
526 1196 654 1273 citraque
671 1195 805 1254 incendia
822 1196 911 1254 limen
925 1196 1068 1256 Bentleius
1083 1200 1142 1256 826
1158 1196 1290 1274 fulgente

242 1295 372 1353 Vesn'am'
395 1293 581 1373 fulgenteque
611 1292 679 1354 Cur.
708 1304 823 1353 cometa
854 1295 987 1354 Vesrr'anr'
1010 1304 1037 1355 et
1063 1294 1133 1356 Cur.
1157 1296 1291 1374 fugiente

235 1402 350 1452 cometa
363 1391 500 1469 Scnlrger.

275 1491 400 1567 Egregie
414 1490 562 1549 Bentleius
580 1492 655 1548 citra
674 1508 730 1567 pro
750 1495 825 1566 cepta
843 1491 989 1568 reposuit:
1011 1491 1094 1550 limen
1114 1492 1164 1551 uix
1184 1511 1291 1552 neces·

232 1589 322 1648 sario.
364 1587 475 1660 Quidni
495 1590 568 1647 citra
585 1588 674 1665 finem
695 1598 827 1647 cometae
849 1589 982 1648 dicantur
1003 1590 1176 1649 subsistere?
1207 1589 1291 1648 Nam

234 1705 304 1746 cum
315 1686 486 1746 Aristoteles
500 1704 551 1744 seu
566 1686 631 1763 quis
646 1684 717 1744 alius
732 1685 964 1764 Meteorologica
978 1687 1093 1762 scripsit
1106 1697 1292 1747 cometarum
1312 1766 1316 1772 ,

235 1785 469 1862 progressionem
492 1793 691 1862 comparasset
713 1802 781 1843 cum
808 1794 901 1844 tractu
923 1785 1050 1845 siderum
1073 1804 1150 1862 quae
1172 1787 1291 1845 caelum

236 1892 435 1942 transcurrunt
455 1892 516 1957 tam
536 1883 665 1941 celeriter
689 1893 720 1940 ut
746 1883 890 1959 principia
910 1901 1013 1942 cursus
1037 1884 1087 1942 uix
1110 1903 1129 1943 a
1149 1884 1209 1944 fine
1230 1885 1291 1944 dis·

236 1990 392 2041 cernantur
403 1981 421 2041 ἰ.
434 1994 450 2056 7
462 1985 579 2038 τοιοῦτον
591 1986 606 2038 ὁ
620 1981 728 2054 rupitne
742 1983 813 2038 ἐστιν
820 1983 913 2056 ἀστήρ,
925 1985 1014 2055 ὥσπερ
1029 1984 1152 2056 διαδρομὴ
1166 1985 1291 2057 ἀστέρος,

236 2083 303 2153 ἔχων
316 2082 343 2136 ἐν
356 2082 423 2156 αὑτῷ
441 2079 520 2153 πέρας
538 2082 579 2137 καὶ
596 2080 685 2154 ἀρχήν,
701 2078 857 2137 Manilium
872 2080 1043 2139 crediderim
1056 2079 1114 2139 hoc
1133 2080 1174 2141 sic
1193 2082 1236 2140 uti
1257 2092 1292 2141 ut

236 2188 415 2238 cometarum
440 2177 663 2237 inflammationi
687 2178 776 2236 finem
798 2178 859 2236 siue
879 2180 958 2251 πέρας
979 2177 1112 2254 deneget,
1133 2196 1201 2238 curn
1226 2189 1290 2239 tam

234 2277 334 2337 subito
352 2277 557 2352 extinguantur
575 2287 607 2335 ut
628 2278 701 2334 citra
713 2276 804 2353 finem
823 2275 884 2334 siue
898 2276 1031 2335 nondum
1045 2277 1181 2337 absoluto
1200 2296 1293 2339 cursu

236 2376 390 2435 uideantur
403 2375 557 2434 subsistere
572 2372 644 2453 (slep
658 2374 759 2451 short).

279 2474 384 2534 Cetera
397 2474 438 2533 sic
453 2474 634 2550 interpretor,
649 2482 780 2531 cometas
799 2470 885 2530 simul
899 2481 988 2548 atque
1002 2472 1114 2550 fulgere
1128 2485 1294 2551 coeperunt

236 2572 339 2650 perire.
383 2571 459 2631 Mire
483 2581 581 2630 tamen
606 2571 717 2630 dictum
733 2572 849 2646 pariter
869 2572 977 2629 cadunt
990 2571 1170 2648 fulgentque,
1192 2591 1294 2650 neque

236 2671 294 2731 hoc
309 2671 439 2747 plerique
453 2679 568 2728 tuentur
583 2669 710 2728 codices.
736 2667 852 2727 Horum
868 2669 1038 2746 scripturam
1041 2672 1175 2749 fulgente
1187 2678 1294 2730 cometa

237 2779 304 2846 post
326 2767 503 2849 Scaligerum
523 2768 564 2827 sic
583 2768 696 2842 refingo
705 2767 840 2845 fugiente
857 2773 977 2825 cenete:
1000 2767 1029 2826 h.
1045 2787 1070 2828 e.
1086 2767 1135 2828 lux
1157 2779 1293 2828 cometae

235 2886 298 2927 non
318 2867 356 2925 ad
374 2867 463 2926 finem
485 2867 652 2942 perducitur
675 2865 727 2924 sed
750 2864 835 2923 simul
858 2883 925 2931 curn
954 2865 1046 2943 figura
1074 2866 1137 2926 siue
1165 2883 1292 2944 corpore

237 2974 370 3024 cometae
384 2965 550 3053 euanescit3

281 3067 421 3139 843-845
437 3063 479 3122 sic
493 3072 594 3122 extant
608 3063 639 3121 in
653 3059 770 3121 Gembl.

790 3152 948 3220 partosque
964 3143 1086 3220 capillos

361 3242 503 3302 Mentitur
523 3244 621 3320 paruis
642 3243 732 3320 signis
753 3243 934 3319 glomeratus
955 3242 985 3300 in
1006 3243 1094 3301 orbes

362 3342 448 3401 Hirta
469 3343 619 3419 figurantis
640 3341 764 3400 tremulo
785 3343 840 3400 sub
860 3341 969 3399 lumine
990 3359 1117 3400 menses.

240 3447 298 3520 843
319 3451 477 3520 partusque
499 3439 567 3500 Cus.
594 3438 678 3530 Vnrn1
699 3449 854 3515 partesque
880 3437 966 3497 Voss?
986 3457 1152 3517 paruosque
1174 3459 1190 3498 o
1210 3458 1293 3516 spar-

609 3535 619 3567 1

239 3607 347 3666 sosque
374 3587 535 3648 Gronouz'ns
556 3586 675 3662 cap1llos
699 3584 767 3657 Cur,
787 3585 846 3644 h.c.
873 3588 887 3643 ί
907 3588 1098 3662 superscrntla
1122 3593 1156 3644 ut
1172 3587 1295 3662 pleneus

238 3689 451 3764 n'gnrfienretur
474 3686 545 3760 quid
568 3685 662 3742 scriba
690 3685 795 3742 uideritt
819 3683 947 3761 capellos
972 3684 1090 3742 Iacobus
1118 3691 1236 3743 testatur
1259 3688 1294 3744 in

247 3785 341 3844 Veneto
355 3805 409 3843 esse
422 3792 449 3843 et
459 3804 478 3841 a
492 3802 527 3841 m.
539 3794 586 3859 pr.
601 3785 632 3841 r'n
646 3783 795 3858 Lrprz'ensr'.

282 3887 339 3957 844
356 3882 496 3944 Mentitur
512 3882 608 3960 paruis
622 3881 712 3958 signis
725 3883 801 3940 codd.
811 3902 908 3956 onnes,
925 3884 984 3942 nr'n‘
994 3884 1069 3958 quod
1085 3881 1130 3942 uel
1147 3899 1256 3960 paruos
1272 3903 1294 3941 a
