2760 4448
164 287 230 351 240
450 285 504 336 AD
527 286 682 336 ARATEA
710 287 930 338 GERMANICI

285 449 363 520 Χεῖρα
384 446 412 502 δὲ
432 450 459 502 ol
475 447 570 518 onoarlv
586 447 703 520 κεφαλήν
719 448 743 504 θ’
762 448 815 519 ἅμα
835 449 918 517 Τόξον
938 449 1027 522 ἀγινεῖ.

285 543 361 600 Ἀλλ’
382 549 398 601 ὀ
417 547 466 615 μὲν
485 547 520 603 ὧν
539 549 617 620 τρίχα
636 549 719 604 πάντα
739 545 922 618 καταμελιιατὶ
941 549 1067 620 φορεῖται,

205 645 264 716 625
282 641 386 714 Ἥμισυ
407 645 435 700 δὲ
457 646 599 717 Στιφάνοιο
619 646 662 700 καὶ
681 645 759 716 αὐτὴν
777 647 893 718 ἔσχατον
911 646 991 717 οὐρὴν

285 741 431 816 Κενταύρου
451 742 595 816 φορέουσιν
614 743 781 818 ἅνερχόρεναι
800 745 838 800 ἔτι
858 741 947 816 mini.

164 855 196 914 Si
223 866 302 916 recte
329 856 433 916 tradita
460 867 527 916 sunt
551 875 628 934 quae
656 877 694 916 ex
716 856 884 917 Germanici
909 858 1039 917 carmine
1063 855 1217 933 exscripsi,

162 963 276 1031 praeter
300 954 417 1014 solitum
440 955 471 1013 in
495 954 540 1014 his
563 955 680 1016 deflexit
703 957 741 1015 ab
761 955 862 1015 Arato.
913 954 992 1015 Nam
1015 956 1052 1015 de
1075 954 1155 1032 Lyra
1178 973 1216 1013 ne

162 1053 287 1112 uerbum
311 1052 430 1130 quidem
453 1053 483 1112 in
503 1053 595 1113 Arato
616 1055 756 1126 inuenies,
779 1071 949 1130 quanquam
970 1053 1145 1130 Engonasin
1167 1052 1216 1111 de-

163 1150 295 1210 scribens
316 1151 359 1210 sic
381 1151 451 1210 dixit
473 1155 532 1228 615
554 1154 610 1210 atet
629 1153 703 1228 γνῦξ,
724 1153 773 1210 niel
793 1155 822 1210 δὲ
843 1152 913 1226 Λῦρῃ
932 1159 1151 1227 παρατεατυῶτοι·
1168 1151 1220 1210 ‘ol

163 1249 224 1308 that
242 1250 316 1309 form
336 1249 393 1308 still
412 1249 559 1327 lrneeling,
574 1250 631 1310 still
652 1250 792 1328 stooping
810 1250 866 1310 low
880 1251 980 1310 before
995 1251 1043 1310 the
1060 1250 1157 1328 Lyre,'
1173 1249 1214 1309 uti

162 1349 248 1407 uertit
270 1348 327 1408 Ed.
349 1348 445 1408 Poste.
497 1347 603 1425 Neque
627 1368 664 1408 ex
685 1367 734 1408 uu.
751 1349 834 1408 Arati
856 1352 996 1421 oza-624
1018 1347 1215 1409 Germanicus

162 1446 324 1524 quidquam
344 1447 495 1524 expressit,
511 1466 550 1506 ne
571 1447 601 1506 id
619 1447 739 1524 quidem
756 1447 837 1525 quod
857 1458 902 1507 est
921 1449 1049 1507 maxime
1070 1448 1214 1525 singulare

162 1545 240 1620 τρίχα
252 1549 335 1603 πάντα
350 1549 531 1617 «mandatori
546 1549 675 1619 φορεῖται.
717 1545 850 1605 Tantum
867 1545 970 1619 elucet,
983 1545 1152 1606 Germanici
1166 1566 1214 1606 uu.

164 1645 232 1719 636,
245 1647 302 1720 637
315 1644 491 1721 respondere
506 1662 556 1703 uu.
570 1647 639 1718 625,
651 1647 709 1704 626
721 1644 809 1704 Arati
846 1644 925 1704 Nam
936 1645 1098 1722 imperfecta
1112 1665 1214 1705 corana

162 1752 205 1802 est
224 1744 327 1815 Ἧμισυ
348 1746 510 1817 audivero:
537 1741 647 1802 Chiron
667 1745 709 1802 ad
724 1745 843 1803 caudam
868 1747 1042 1820 cognoscitur
1062 1745 1150 1802 aniam
1172 1755 1214 1804 est

161 1844 240 1913 αὐτὴν
259 1844 372 1915 ἔσχατον
392 1843 470 1916 οὐρὴν
491 1841 635 1917 Κενταύρου
655 1843 797 1917 φορέουσιν
814 1844 982 1916 ἇνερχόμεναι
1004 1845 1093 1916 mirri.
1133 1843 1213 1919 Ergo

162 1950 240 2000 recte
264 1940 379 1999 uidetur
401 1938 520 2000 Grotius
545 1950 574 1999 et
599 1942 649 2018 qui
673 1959 742 2000 eum
767 1940 859 2000 secuti
887 1951 955 2000 sunt
979 1939 1010 1999 in
1032 1941 1117 2017 Argo
1140 1945 1213 2018 sipia

161 2038 344 2115 requisiuisse
362 2038 481 2111 Arcam,
500 2039 583 2098 cuius
603 2039 712 2100 Aratus
733 2040 905 2099 meminerat
927 2041 984 2098 621
1006 2040 1102 2115 ῥύτορα
1122 2045 1213 2111 Τόξου.

164 2137 222 2197 Sed
237 2137 320 2212 Argo
338 2139 411 2214 sipia
430 2137 478 2196 uel
492 2138 576 2213 Argo
593 2140 674 2214 sz'rz’ca,
692 2139 766 2198 sieut
787 2138 924 2198 traditum
944 2147 988 2197 est
1008 2138 1039 2197 in
1059 2139 1214 2199 Einsiede-

161 2237 243 2303 lensi,
272 2255 333 2296 non
361 2236 450 2295 credo
474 2255 538 2296 esse
563 2237 661 2296 Arcus
688 2240 760 2314 ipsa,
787 2237 840 2297 sed
867 2236 950 2295 Arcu
978 2244 1053 2313 sepia
1082 2235 1213 2316 (saepia):

164 2336 337 2413 Sagittarius
358 2335 437 2394 enim
458 2353 527 2394 arcu
547 2345 649 2413 saepta
668 2336 768 2412 imago
789 2336 831 2406 sic
852 2334 956 2394 dieitur
976 2345 1008 2394 ut
1028 2334 1120 2395 Nim
1137 2357 1214 2414 genn

161 2437 268 2511 spaciis,
290 2434 392 2511 effigias
417 2434 522 2512 deficta
546 2434 646 2507 labore,
676 2433 804 2510 Virginis
823 2434 931 2510 facies,
954 2433 1087 2508 Aurigae
1105 2436 1213 2509 faaca'es,

162 2533 280 2591 Perseos
289 2532 417 2610 Effigies,
430 2543 459 2592 et
472 2550 548 2609 quae
562 2532 619 2592 alia
632 2531 798 2592 huiusmodi
812 2531 935 2591 Manilio
948 2550 1017 2590 cum
1032 2532 1214 2594 Germanico

162 2632 331 2692 communia
345 2641 420 2690 sunt.
463 2629 601 2707 Superest
614 2640 646 2689 ut
661 2633 720 2706 636
734 2649 789 2709 pro
802 2637 858 2690 iota
873 2630 1015 2690 scribatur
1027 2638 1110 2691 laria.

287 2729 366 2788 Arcu
387 2741 487 2805 saepta
508 2747 562 2787 suo
583 2728 665 2789 caelo
687 2729 826 2788 referetur
846 2729 953 2806 imago,

285 2821 460 2898 Inperfecta
481 2822 556 2882 redit
576 2822 658 2882 caelo
679 2833 742 2882 tum
766 2820 790 2902 (i
799 2822 970 2903 caelestum)
988 2833 1065 2883 torta
1085 2843 1207 2886 corona.

204 2973 262 3049 657
286 2970 395 3030 Horret
415 2971 522 3030 uulnus
543 2971 637 3032 adhuc
658 2981 687 3031 et
708 2971 818 3048 spicula
840 2973 931 3033 tincta
951 2992 1067 3034 ueneno

285 3068 401 3129 Flebilis
422 3069 516 3130 Orion
537 3080 566 3129 et
587 3089 756 3147 quanquam
777 3082 858 3148 parte
879 3070 978 3131 relicta

285 3167 367 3227 Caeli
388 3172 510 3245 tpaene
530 3167 605 3245 sugit
625 3177 723 3228 tamen
744 3168 810 3228 altis
831 3171 970 3247 mergitur
991 3170 1087 3230 undis.

163 3284 260 3343 Immo
284 3283 382 3342 Poena
406 3301 446 3342 sc.
473 3282 619 3360 Scorpius,
643 3284 694 3361 qui
722 3302 789 3343 cum
814 3285 942 3356 recessit,
968 3286 1072 3345 iustam
1099 3296 1216 3362 partem

161 3382 234 3441 caeli
248 3381 354 3441 Orioni
374 3381 516 3458 relinquit,
537 3383 611 3442 sicut
625 3382 772 3458 Vergilius
791 3382 864 3442 dixit
878 3382 915 3443 G.
931 3384 949 3443 i.
966 3402 1013 3458 34,
1030 3399 1067 3459 35
1086 3385 1145 3460 ipse
1163 3386 1221 3443 tibi

162 3481 221 3538 ram
239 3481 372 3539 bracchia
392 3480 534 3538 contrahii
551 3481 654 3538 ardens
674 3479 806 3555 Scorpios
823 3488 850 3539 et
866 3482 940 3540 caeli
955 3483 1031 3541 easta
1044 3482 1115 3556 plus
1129 3491 1218 3558 paria

161 3580 302 3654 relinquit.
347 3578 445 3637 Poena
468 3577 603 3654 Scorpius
625 3578 727 3638 dicitur
747 3588 868 3655 propter
888 3580 1098 3639 immanitatem
1120 3599 1217 3639 mem-

162 3678 281 3737 brorum
304 3687 332 3735 et
353 3677 484 3736 cmdeles
505 3676 588 3748 ictus,
611 3677 683 3736 sicut
708 3680 788 3749 Ποινὴ
809 3677 971 3754 appellatur
991 3698 1010 3737 a
1029 3677 1175 3739 Pausania
1197 3681 1216 3739 i.

164 3795 211 3850 43.
229 3788 245 3851 7
265 3785 430 3833 monstrum
445 3775 524 3852 quod
538 3775 645 3850 Apollo
658 3775 776 3851 Argiuis
791 3776 918 3848 immisit,
936 3776 1044 3836 occidit
1060 3775 1216 3837 Coroebus

163 3873 249 3933 Ouid.
268 3873 310 3933 Ib.
331 3885 398 3948 575,
416 3872 485 3932 Stat.
501 3873 597 3933 Theb.
614 3873 631 3932 i.
651 3877 709 3948 605
732 3892 796 3952 sqq.
813 3874 905 3952 sugit
924 3875 973 3935 uix
996 3875 1064 3934 satis
1085 3877 1215 3954 proprie,
