2760 4448
603 273 649 324 IV
764 287 766 291 ⁴
1087 274 1150 324 121

151 453 208 512 213
224 434 295 495 alius
311 434 379 494 Cus.
423 453 479 508 214
495 434 591 511 legem
607 434 675 494 Cur.
690 451 778 511 quam
795 432 862 493 Cur.
882 429 967 492 Voss.²
981 448 1050 490 cum
1069 429 1156 490 Voss.²

149 533 289 612 Loquitur
325 533 364 592 de
401 531 502 592 Seruio
538 532 676 610 Sulpicio,
712 531 979 591 iurisconsultorum
1014 529 1153 607 principe,

104 650 234 709 eumque
251 632 292 692 sic
305 631 405 691 definit
418 642 450 690 ut
464 631 541 692 dicat
554 649 615 690 uon
631 641 691 690 tam
705 631 891 707 interpretem
910 628 1037 693 extitisse
1056 628 1155 705 legum

104 749 198 808 quam
218 730 337 791 latorem
358 748 393 790 ac
413 731 605 790 conditorem.
647 729 711 787 Iam
727 728 876 787 Bentleius
896 727 1062 786 emendauit
1083 726 1155 802 leges

106 829 239 907 proprias
261 831 377 905 posnc't;
409 829 529 906 propius
554 847 571 886 2
595 827 692 886 litteris
713 829 795 886 abest
809 828 958 903 proprius,
977 825 1005 884 h.
1016 844 1041 883 e.
1060 826 1155 901 magis

107 927 240 1004 proprie:
260 926 340 1006 quod
355 927 378 986 si
393 927 461 986 satis
475 927 596 986 latinum
609 936 662 998 est,
677 944 760 1002 quom
775 924 869 1001 potius
884 941 973 1001 quam
986 930 1048 981 cu‘m
1064 923 1154 1000 scrip·

106 1025 206 1084 serim.
389 1012 391 1023 '

150 1123 202 1183 lV.
227 1136 283 1199 217
301 1140 365 1200 sqq.
379 1122 420 1182 sic
433 1132 533 1183 extant
546 1123 577 1180 in
590 1121 706 1182 Gembl.

231 1220 375 1298 Scorpion
395 1232 506 1280 armata
525 1220 653 1281 uiolenta
673 1219 791 1296 cuspide
812 1219 906 1278 cauda

230 1318 299 1391 Qua
320 1336 373 1379 sua
393 1337 462 1378 cum
482 1319 570 1397 phebi
589 1335 706 1378 currum
727 1337 779 1394 per
800 1317 902 1394 sydera
922 1316 1001 1376 ducit

230 1416 364 1475 Rimatur
384 1425 472 1476 terras
493 1426 522 1476 et
542 1417 629 1476 sulcis
650 1417 761 1475 semina
781 1415 883 1475 miscet

151 1533 209 1574 220
230 1515 267 1573 In
287 1515 396 1574 bellum
417 1515 551 1575 ardentes
572 1515 686 1574 animos
706 1524 736 1573 et
756 1515 859 1573 martia
879 1524 974 1576 castra

229 1613 334 1672 Efficit.

151 1724 208 1786 217
231 1712 333 1771 armati
360 1708 445 1770 Voss.²
465 1712 536 1770 unde
556 1721 648 1770 armat
670 1710 712 1769 uti
731 1708 850 1769 Iacobus
871 1709 1006 1788 Scorpios
1026 1722 1154 1771 armatae

109 1810 280 1868 metuendus
299 1810 418 1886 cuspide
438 1810 547 1868 caudae
564 1808 706 1867 Bentleius
724 1808 861 1885 Scorpius
881 1820 1007 1869 armatus
1026 1810 1155 1869 uiolenta

108 1907 228 1985 cuspide
244 1907 366 1967 caudam
387 1908 522 1984 Heringo
543 1907 687 1985 Scorpion
706 1916 816 1966 armata
836 1907 996 1967 uiolentum
1015 1910 1154 1989 conspice

108 2005 203 2065 cauda
215 2005 373 2066 Brciicrus.
547 2006 552 2017 '

150 2102 287 2181 Scorpion
308 2104 519 2164 nominatiuum
541 2122 607 2164 esse
627 2121 723 2180 posse,
737 2122 791 2162 uec
812 2103 851 2163 11.
869 2122 927 2180 213
948 2087 1037 2163 Nunc
1057 2104 1155 2162 Pisces

111 2201 220 2262 Cancer
241 2208 268 2260 ct
292 2205 392 2261 cancri
416 2202 552 2279 Scorpion
579 2204 636 2260 ictu
660 2220 755 2278 neque
782 2201 828 2261 hic
857 2203 939 2261 locus
966 2203 1152 2263 demonstrat.

109 2300 239 2376 Vterque
257 2318 359 2360 uersus
375 2301 478 2359 uitium
498 2302 600 2360 traxit:
621 2299 701 2358 illum
716 2299 863 2359 Bentleius
882 2302 923 2359 sic
943 2301 1058 2360 refinxit
1075 2300 1156 2359 Tunc

108 2400 208 2458 Pisces
235 2405 262 2455 ct
286 2397 398 2458 Cancer
425 2406 451 2457 et
481 2401 546 2458 acri
573 2397 705 2475 Scorpios
739 2400 796 2456 ictu
805 2419 820 2466 ,·
861 2398 947 2470 hunc,
978 2399 1078 2459 Iacobi
1110 2417 1154 2458 se-

108 2507 192 2557 cutus
213 2498 393 2568 sententiam,
415 2515 476 2555 non
500 2497 743 2567 emendationem,
765 2497 806 2555 sic
831 2497 919 2556 credo
944 2498 1154 2556 restituendum

109 2594 245 2671 Scorpion
279 2597 407 2653 armauit
439 2597 557 2654 uiolento
591 2595 702 2670 cuspide
734 2595 833 2652 cauda.
886 2594 990 2654 Cauda
1033 2596 1156 2655 armauit

110 2693 255 2770 Scorpion
275 2693 404 2752 uiolenta
424 2692 552 2769 cuspide,
572 2693 644 2751 sicut
665 2691 742 2768 apud
761 2692 922 2768 Vergilium
939 2694 1014 2752 Aen.
1036 2694 1073 2752 xi.
1095 2696 1152 2752 682

109 2793 292 2868 Agrestcsque
316 2810 416 2850 monus
440 2799 537 2850 armat
559 2802 669 2866 sporus,
692 2791 771 2866 apud
791 2791 939 2849 Valerium
959 2791 1032 2868 Arg.
1054 2792 1090 2849 vi.
1116 2805 1153 2866 97

108 2889 250 2949 Baternas
277 2891 365 2948 crudi
387 2909 467 2949 moro
494 2892 607 2949 corticis
634 2895 751 2947 armar:
787 2888 885 2966 paullo
912 2889 991 2948 aliter
1016 2888 1155 2948 Manilius

108 2989 170 3064 ipse
198 2987 236 3046 V.
269 3007 327 3064 343
359 2986 421 3048 Nec
450 2989 535 3062 prius
549 3061 551 3065 .
567 2989 694 3047 armauit
724 2988 840 3045 uiolento
862 2989 992 3065 fulmine
1024 2989 1155 3048 dextram

108 3084 274 3165 (Iuppiter).
321 3085 482 3164 Sequentes
495 3103 597 3145 uersus
613 3087 679 3156 218,
697 3103 754 3159 219
769 3083 918 3144 Bentleius
932 3085 1103 3162 explicauit:
1126 3095 1156 3144 at

110 3202 170 3242 220
184 3183 252 3243 iacit
266 3184 428 3260 asyndeton
443 3202 523 3243 more
538 3183 708 3242 Maniliano.
741 3182 891 3242 Simillima
905 3194 949 3242 est
963 3183 1155 3243 conformatio

109 3282 147 3340 V.
164 3301 262 3356 234-2
267 3285 304 3357 36
326 3282 426 3340 Vltima
436 3292 511 3358 pars
525 3284 627 3357 magni
637 3300 698 3339 cum
713 3282 821 3338 tollitur
835 3289 896 3339 orio
910 3282 1016 3341 Leonis
1033 3281 1155 3342 Cratero

108 3381 222 3439 aurcos
241 3382 339 3456 surgit
356 3381 462 3438 coelata
480 3380 530 3438 sub
544 3381 647 3437 ostris.
688 3377 758 3436 Inde
778 3380 870 3437 traicit
887 3383 1048 3456 quecumque
1065 3399 1155 3456 genus

108 3498 248 3553 moresque
261 3486 387 3554 sequetur
402 3477 537 3553 Irrc'gccos
550 3479 631 3535 ruris
645 3487 762 3552 compos.

150 3575 204 3634 IV.
222 3595 288 3649 244,
307 3592 364 3650 245
379 3577 421 3636 sic
435 3576 532 3652 scripti
547 3576 658 3634 suntin
673 3575 790 3634 Gembl.

316 3692 318 3697 ’
585 3692 653 3732 narn
675 3673 812 3750 quicquid
833 3675 861 3731 in
883 3690 951 3732 usus

233 3772 313 3850 ignis
333 3773 392 3850 agit
414 3773 565 3851 poscitque
587 3778 679 3830 no'uas
700 3772 738 3830 ad
759 3789 879 3830 munera
901 3770 1041 3829 flammas.

109 3881 178 3947 aget
196 3870 264 3933 Cus.
278 3883 343 3949 eget
365 3872 449 3931 Voss.²
463 3878 488 3930 el
499 3877 634 3930 corrector
649 3871 811 3946 Lipsiensis.
