2760 4448
592 291 639 342 ιν
1076 295 1135 363 ¹33

87 460 170 513 artur
194 452 281 511 lacero
308 449 434 511 auellere
458 466 551 510 marsa
574 450 670 527 Coepit
688 457 715 509 et
735 451 842 528 tiaselt'x
863 451 1018 520 minuendo,
1034 462 1142 528 carpus.

88 553 181 612 alebat
192 550 321 630 pendent
335 551 383 610 illa

251 660 284 711 ut
304 649 400 726 capiat
420 657 512 708 semet
532 667 587 708 nec
607 647 751 726 compleat
771 665 913 726 umquam
1099 714 1101 718 ,

88 748 119 807 in
133 749 238 825 quibus
253 751 349 825 captat
363 754 445 806 semet
456 766 510 825 pro
527 748 681 808 absorbeat
700 748 761 807 siue
778 747 897 806 deuoret
917 764 1026 824 corpus
1048 765 1135 806 suum

88 847 215 924 positum
229 865 310 906 reor:
325 865 428 924 capere
442 857 548 919 autern,
559 847 636 905 idem
648 846 707 905 fere
718 864 782 906 esse
793 845 873 923 quod
884 849 1007 921 accipae
1017 846 1047 904 in
1061 845 1136 907 Met.

88 946 145 1005 viii.
159 948 215 1018 841
230 962 237 1003 :
259 961 328 1004 nam
342 962 418 1022 quae
431 963 490 1003 una
499 944 556 1003 alia
569 945 742 1022 significatio
757 955 870 1021 poterat
883 944 986 1016 inesse,
996 955 1056 1003 tam
1073 945 1137 1005 dira

88 1043 165 1102 fame
175 1043 328 1120 corripitur
336 1052 368 1101 ut
377 1042 468 1119 possit
482 1060 513 1101 se
528 1043 624 1120 ipsum
634 1061 737 1119 capere
749 1039 863 1122 (χωρεῖν,
874 1044 951 1118 capit
962 1044 1139 1118 quadrantal

89 1140 252 1201 Curc.i.2.
270 1139 319 1218 14)
340 1159 435 1218 neque
456 1150 555 1201 tamen
575 1141 684 1200 uentris
704 1140 812 1201 famem
834 1141 960 1218 explere,
982 1142 1079 1202 minus
1101 1161 1137 1201 ea

88 1239 160 1298 mihi
173 1240 331 1316 probabilis
346 1239 478 1308 habetur.

130 1337 241 1397 Versus
256 1352 312 1412 541
329 1338 562 1397 emendationem
584 1355 673 1415 quam
687 1337 825 1414 proposui
840 1339 939 1397 nescio
954 1356 992 1396 an
1007 1337 1070 1397 aliis
1084 1338 1136 1398 ad·

88 1437 263 1514 probaturus
284 1437 357 1508 sim;
379 1436 429 1496 sed
451 1437 475 1496 si
496 1446 574 1495 recte
593 1435 730 1495 traditum
750 1447 794 1495 est
815 1437 846 1495 in
868 1435 983 1496 Gembl.
1004 1449 1032 1496 et
1053 1436 1134 1515 Lips.

89 1538 184 1608 reta'tet,
205 1554 267 1595 non
288 1535 375 1612 longe
396 1537 434 1594 ab
454 1535 498 1594 his
519 1535 619 1594 litteris
640 1535 745 1595 distare
766 1536 923 1612 credoque
943 1536 1134 1608 la'tet,h.e.in

88 1634 229 1694 sacrificio
250 1645 350 1712 ponat.
392 1633 458 1694 Sen.
474 1633 556 1694 Med.
575 1653 650 1709 1019
660 1637 749 1710 ptura
771 1655 825 1694 naa
846 1636 940 1707 habui,
955 1637 1041 1707 datar,
1059 1635 1136 1707 Quae

87 1734 142 1793 tibi
151 1735 273 1793 latorem.

129 1831 182 1892 lv.
200 1835 268 1906 561,
284 1835 341 1908 562

210 1930 275 1990 Nec
297 1949 358 1990 non
378 1930 550 1991 Arcitenens
570 1931 665 2008 prima
685 1947 752 1991 cum
773 1941 854 1990 ueste
876 1932 999 2006 resurgit

210 2027 332 2088 Pectora
351 2028 428 2088 clara
448 2028 528 2088 dabit
549 2029 634 2088 bello.

87 2127 198 2187 Nonne
218 2127 315 2204 potius
336 2127 521 2186 scribendum
538 2129 631 2203 prtina
648 2145 709 2185 cum
731 2137 839 2204 uespere
856 2129 976 2202 surgat?
1018 2126 1066 2187 Sic
1081 2125 1134 2186 IV.

88 2239 145 2302 517
162 2232 268 2302 tergore
281 2227 363 2285 uexit
375 2225 485 2285 scribae
499 2225 529 2283 in
543 2231 620 2301 terga
635 2221 739 2304 (terga)
754 2229 868 2285 reuexit
881 2227 1089 2303 deprauarunt.

128 2325 181 2384 IV·
197 2337 255 2399 513

211 2422 295 2481 Neue
316 2422 352 2481 sit
372 2431 402 2480 et
417 2417 488 2451 ****
504 2420 604 2498 primis
625 2421 787 2499 producere
806 2421 910 2499 piscesss

210 2518 370 2580 Garrulitas
392 2519 493 2579 odiosa
514 2519 597 2579 datur
617 2520 791 2598 linguaeque
812 2531 1017 2607 mouentumj

209 2617 308 2678 Verba
329 2618 457 2694 maligna
479 2636 572 2678 nouas
592 2619 732 2678 mutantis
754 2637 869 2695 semper
889 2619 927 2678 ad
948 2610 1026 2678 auris

210 2716 340 2777 Crimina
360 2735 412 2796 per
432 2717 573 2794 populum
594 2717 696 2795 populi
717 2717 790 2776 ferre
812 2736 862 2777 ore
883 2717 1012 2795 bilingui.

129 2829 188 2894 573
210 2815 248 2874 Et
262 2815 363 2893 primis
379 2811 451 2846 ****
474 2813 561 2876 Vasa.1
575 2826 603 2874 et
617 2816 728 2893 primus
742 2816 857 2875 animus
878 2814 962 2874 Voss.²
976 2815 1135 2892 procedere

93 2915 179 2974 Voss.l
194 2914 275 2991 Lips.
291 2914 359 2975 Cas.
401 2929 460 2989 574
476 2924 646 2973 mouentum
662 2914 728 2974 Cur.
743 2914 825 2991 Lips.
847 2913 934 2973 Vara.2
952 2925 1135 2975 momentum

93 3010 178 3073 Vass.¹
202 3025 378 3079 uenenumjo
397 3020 424 3071 et
443 3013 482 3070 ed.
502 3011 586 3071 Ram.
612 3029 690 3088 1510
713 3023 884 3072 nomentum
906 3013 1032 3072 Iacobus.
1075 3028 1134 3089 575

87 3116 203 3170 ‘nouas
224 3112 255 3168 in
279 3130 338 3170 ras.
353 3121 404 3188 pr.
426 3109 471 3171 m.’
497 3111 664 3170 Thamaszits
713 3112 869 3171 mussantis
890 3110 1020 3188 Regiam.
1041 3111 1135 3170 Bentl.

86 3209 223 3269 Fortasse
236 3210 359 3268 mutanti
392 3210 429 3269 ad
443 3211 518 3270 codd.
534 3219 563 3268 et
576 3229 633 3286 ega.
1003 3285 1007 3293 ι

128 3313 282 3367 mouentum
299 3326 361 3367 non
374 3318 436 3367 erat
452 3327 505 3368 cur
519 3308 645 3368 Iacobus
665 3307 696 3366 in
710 3314 864 3366 nomentum
884 3309 1049 3385 corrigeret,
1065 3326 1135 3366 nam

85 3417 118 3466 ut
138 3405 377 3466 Val.Fl.¹ii.'1aa
401 3406 502 3479 Fama,
522 3408 602 3465 matis
622 3409 715 3482 quatit
732 3408 832 3482 appzita
853 3409 960 3483 leiaguz's
982 3405 1135 3465 ‘Rumour

86 3504 195 3564 shakes
221 3505 302 3564 cities
332 3505 372 3582 by
396 3506 503 3582 setting
530 3516 655 3580 tongues
683 3503 784 3582 awag,’
807 3505 848 3564 sic
873 3505 997 3582 linguosi
1018 3504 1066 3564 hic
1092 3506 1134 3564 di-

86 3615 190 3663 cuntur
202 3621 322 3662 mouere
336 3605 427 3664 uerba
447 3603 594 3680 maligna3
615 3622 710 3681 neque
725 3604 797 3663 alius
815 3614 858 3663 est
871 3622 940 3662 usus
954 3604 1090 3662 uocabuli
1105 3605 1134 3661 in

86 3702 141 3762 illis
155 3709 262 3773 cantus,
275 3704 404 3760 carmaiaa
418 3722 524 3760 mouere
537 3702 612 3761 Aen.
627 3722 655 3760 x.
671 3706 738 3777 163,
751 3702 837 3763 Ouid.
851 3701 921 3760 Met.
938 3702 993 3758 xiv.
1010 3719 1058 3773 20,
1068 3701 1133 3760 Val.

86 3801 128 3860 Fl.
143 3820 168 3861 v.
190 3820 255 3860 100.
297 3799 361 3859 Nec
382 3799 546 3860 Bentleium
568 3819 674 3877 sequor
695 3804 847 3859 mussantis
869 3801 1051 3871 scribentem,
1066 3819 1134 3859 cum

88 3902 223 3960 mutantis
236 3909 383 3977 praestent
397 3899 531 3973 codices3
554 3899 606 3959 sed
621 3920 709 3960 nouas
726 3901 859 3959 atutantt‘s
873 3900 914 3958 ad
925 3900 1006 3958 aurei
1020 3901 1136 3960 etiamsi
