2760 4448
681 328 701 384 r
1071 329 1210 399 ,17

206 504 269 564 Nec
287 503 425 580 Scaligeri
445 505 596 564 inuentum
610 504 780 581 segminibus
793 521 896 563 uerum
911 503 1054 562 existimo.
1097 502 1175 562 Nam
1190 505 1214 563 si

162 601 186 660 1.
198 606 254 677 487
268 602 405 661 Manilius
416 602 511 679 posuit
524 605 577 678 qui
583 603 697 679 prtinus
711 605 817 661 moenio
828 603 929 660 mundi
935 600 1094 661 Seminibus
1103 605 1217 662 struxit

162 703 286 759 mriu'rm's
300 703 380 777 aitque
395 701 445 759 illo
460 703 579 772 resoluti,
595 702 686 777 potuit
701 702 788 760 etiam
803 702 874 760 caeli
889 700 980 760 moles
995 700 1051 760 dici
1065 702 1214 760 seminibus

161 801 282 858 dz‘ductz‘s
295 801 377 858 solui.
419 799 466 859 Sic
486 800 557 859 dixit
571 799 626 859 IV.
642 802 700 874 878
716 798 924 875 Senn'm'busque
939 801 1120 858 rutilantem
1141 819 1214 858 cont-

155 909 259 974 ponere
280 900 383 957 molem.
408 889 511 957 'Adde
532 900 612 975 quod
632 898 800 974 segmr‘ru'bus
820 916 875 958 nec
896 899 998 974 optimi
1020 903 1146 968 κόμματος
1161 908 1213 969 est,

162 1015 218 1055 nec
240 997 335 1054 statim
356 1006 495 1074 sequente
509 998 626 1073 tegmem
646 996 745 1055 inuehi
760 996 867 1056 debuit.
909 995 988 1055 Nam
1006 999 1119 1072 tegmine
1138 1001 1214 1055 recte

163 1094 290 1166 Gemhl,
308 1101 420 1171 pectore
443 1113 534 1172 praue
555 1096 685 1153 maxima
708 1112 777 1171 pars
800 1095 937 1154 codicum
961 1095 1093 1154 tradidit:
1126 1094 1216 1153 futilis

162 1203 260 1250 autem
281 1201 325 1251 est
347 1192 449 1253 Iacobi
471 1192 637 1252 emendatio
655 1199 791 1269 pegmate,
816 1193 950 1270 quamuis
975 1193 1160 1252 commendet
1184 1193 1216 1251 id

163 1292 236 1351 ratio
258 1291 510 1368 palaeographica,
536 1309 604 1350 cum
628 1292 742 1368 saepius
767 1309 862 1352 orcum
889 1310 942 1368 per
964 1312 979 1349 c
1000 1292 1140 1368 scriptum
1169 1293 1215 1349 in-

162 1390 305 1447 ueniatur.

143 1510 145 1515 ’
204 1488 228 1546 Ι.
245 1503 347 1564 721‚a

286 1585 366 1658 Quid
388 1587 470 1663 quasi
492 1604 552 1645 non
574 1587 692 1646 timeant
715 1588 816 1663 magni
837 1605 904 1645 cum
925 1586 1044 1646 uulnera
1065 1586 1137 1647 caeli

286 1684 496 1762 Conspiciant?

204 1782 304 1843 Voss.2
321 1782 396 1856 Qm'o
410 1785 500 1859 quasi.
542 1783 646 1844 Fuitne
664 1782 823 1860 Quidquam
837 1804 892 1842 non
906 1787 1046 1843 remeant?

204 1880 229 1939 1.
245 1895 348 1956 72324
819 1879 821 1883 ”

286 1979 336 2037 An
357 1991 440 2039 coeat
461 1979 605 2038 mundum
627 1980 808 2058 duplicisque
829 1991 960 2041 extrema
980 2000 1124 2041 cauernae

288 2076 482 2150 Conuenient,
504 2079 635 2155 caelique
655 2097 721 2138 oras
743 2088 772 2137 et
793 2079 888 2138 sidera
908 2080 1053 2156 iungant?

327 2176 472 2234 mundum
490 2176 594 2235 Gembl.
610 2183 636 2234 et
650 2175 718 2237 Cur.
759 2177 887 2236 mundus
909 2178 1045 2250 Vosszizni,
1060 2179 1108 2237 ob.

205 2273 307 2332 Vnum
329 2273 417 2352 idque
441 2285 575 2351 apertum
596 2276 698 2333 uitium
719 2276 749 2333 in
771 2274 816 2334 his
837 2277 902 2353 quis
923 2294 985 2334 non
1006 2277 1087 2336 tollat
1108 2276 1157 2353 qui
1180 2295 1217 2335 ex

165 2371 320 2431 Thomasii
353 2391 432 2431 noua
467 2372 622 2432 collatione
658 2372 882 2451 Gcmblaccnsis
909 2375 1017 2434 codicis
1045 2375 1217 2433 intellexerit

165 2472 300 2529 mundum
313 2471 354 2528 ibi
368 2471 399 2528 in
415 2483 472 2545 723
493 2489 554 2529 non
569 2472 690 2530 mundus
709 2475 828 2533 extare?
870 2473 924 2532 Est
937 2474 1016 2532 enim
1031 2473 1217 2532 scribendum

165 2569 217 2629 An
238 2576 315 2627 coeat
333 2570 463 2628 nondum.
505 2569 630 2630 Lacteae
656 2572 721 2630 uiae
742 2572 815 2631 duas
836 2591 940 2631 causas
963 2572 1046 2648 fingit
1069 2571 1218 2630 Manilius.

165 2668 227 2726 Aut
254 2668 333 2726 enim
365 2667 540 2726 diducuntur
570 2669 673 2727 mundi
705 2671 863 2746 primordia
892 2670 1047 2747 laxataque
1074 2688 1217 2745 compage

165 2765 240 2824 caeli
258 2784 311 2842 per
330 2767 553 2824 commissuram
572 2768 672 2826 lumen
693 2767 812 2828 diffluit:
835 2778 885 2828 aut
906 2769 1019 2827 caelum
1034 2769 1166 2827 nondum
1181 2787 1218 2826 ex

166 2863 273 2922 fissura
294 2864 373 2936 coiit,
394 2864 446 2924 sed
467 2874 599 2924 extrema
621 2884 814 2925 cauernarum
839 2869 999 2927 etiamnum
1014 2867 1218 2926 conuenientia

166 2961 263 3020 lucem
285 2980 337 3038 per
362 2980 394 3022 se
417 2963 535 3022 mittunt
558 2963 695 3036 siderum,
721 2965 793 3022 dum
816 2983 884 3023 orae
909 2964 1068 3040 iunguntur
1091 2963 1218 3023 necdum

165 3069 282 3118 coeunt.

208 3156 232 3217 1.
250 3171 308 3233 735
323 3177 387 3236 sqq.
403 3159 443 3219 sic
457 3169 557 3220 extant
571 3160 601 3218 in
617 3160 733 3220 Gembl.

291 3256 383 3315 Fama
403 3258 490 3316 etiam
511 3258 636 3335 antiquis
658 3260 696 3317 ad
717 3278 772 3318 nos
793 3259 942 3319 descendit
963 3260 1001 3318 ab
1023 3259 1108 3318 annis

161 3357 165 3364 '
210 3352 215 3359 ’
291 3353 466 3415 Phetontem
486 3358 577 3432 patn'o
599 3350 687 3416 curru
709 3377 762 3434 per
782 3359 867 3436 signa
887 3359 1037 3417 uolantem

292 3452 373 3511 Dum
394 3473 472 3514 noua
493 3456 612 3514 miratur
633 3457 753 3533 propius
775 3457 943 3533 spectacula
964 3458 1066 3516 mundi

291 3551 330 3610 Et
351 3571 424 3628 puer
445 3552 475 3610 in
496 3554 579 3613 caelo
600 3554 672 3612 ludit
694 3573 836 3631 curruque
858 3557 1000 3631 superbus

290 3648 433 3709 Luxuriat
453 3652 584 3715 †mundo
606 3652 686 3729 cupit
707 3663 735 3711 et
756 3655 867 3712 maiora
888 3667 1021 3730 parente.

209 3748 391 3825 Corruptum
411 3759 455 3808 est
475 3751 585 3822 mundo,
606 3750 727 3810 fortasse
748 3770 785 3810 cx
808 3752 884 3810 modo
906 3772 969 3823 non,
987 3751 1067 3830 quod
1088 3769 1156 3809 curn
1177 3751 1218 3810 sic

168 3847 307 3923 scripturn
324 3856 400 3905 esset
414 3849 489 3907 modo
503 3857 523 3906 ᾗ
537 3849 585 3908 uel
604 3851 680 3907 modo
695 3835 710 3880 ’ἶ
723 3849 753 3907 in
771 3852 863 3908 moldo
884 3869 954 3910 mox
973 3852 1003 3908 in
1025 3851 1125 3908 mundo
1147 3869 1218 3908 con-

169 3963 287 4006 uersum
302 3956 357 4005 est.
400 3945 487 4006 Certe
509 3949 548 4006 sic
571 3932 633 4006 non
653 3947 771 4024 languet
793 3949 903 4011 oratio:
925 3950 999 4008 bene
1019 3950 1096 4008 enim
1117 3948 1219 4008 dicitur

689 4065 705 4105 e
