2760 4448
240 306 303 372 134
556 293 704 346 ancras
723 293 972 344 MANrrmnmr

239 455 385 517 concedas
399 454 455 515 dici
477 454 605 532 potuisse
619 452 656 513 de
675 472 711 514 eo
726 453 776 531 qui
795 454 916 513 crimina
930 455 968 512 ab
987 440 1044 513 alio
1064 451 1118 512 fert
1132 452 1171 514 ad
1187 453 1288 525 alium,

239 556 335 615 minus
354 565 453 615 tamen
470 563 498 613 et
514 553 636 611 latinum
657 562 686 612 et
707 552 900 611 Manilianum
921 562 965 612 est
986 570 1074 630 quam
1094 573 1184 612 nouas
1205 574 1292 612 aures

239 655 382 724 mutantis,
397 652 426 710 h.
441 671 465 710 e.
486 669 598 710 nouum
617 669 733 728 semper
752 651 915 710 auditorem
930 652 1104 728 quaerentis.
1136 650 1291 711 Praeterea

239 753 281 811 ad
291 760 412 823 retento,
422 751 574 810 obscurius
588 759 794 809 construuntur
808 750 914 808 uerba:
935 767 994 826 quo
1009 745 1087 809 enim
1102 749 1291 810 referendum

239 851 292 910 erit
311 852 469 908 mutandi-l
510 848 540 906 Si
555 848 592 907 ad
606 850 728 924 linguae,
744 848 930 907 intolerabilis
950 849 1003 907 erit
1023 849 1106 921 ordo,
1122 845 1292 928 (asperitas)

239 954 392 1008 mouentum
406 945 491 1006 uerba
500 947 626 1022 malagna
637 948 757 1022 linguae,
768 947 888 1006 solutior
897 957 1037 1007 structura
1045 947 1293 1026 infinitiuifirre:

240 1050 285 1107 sin
299 1047 336 1106 ad
347 1047 452 1124 populi,
467 1045 646 1104 intolerabile
660 1045 709 1104 fiet
723 1046 893 1122 asyndeton,
905 1047 1049 1129 sententia
1063 1047 1205 1124 ineptior:
1229 1065 1293 1106 non

240 1148 319 1206 enim
340 1145 476 1223 populus,
494 1143 546 1203 sed
567 1143 617 1219 qui
638 1143 765 1203 nascitur
786 1146 841 1202 sub
862 1144 1002 1214 Piscibus,
1017 1145 1138 1204 crimina
1159 1145 1217 1204 fert
1238 1165 1294 1223 per

239 1244 391 1322 populum,
406 1261 498 1320 eaque
512 1241 551 1300 ad
570 1260 662 1302 nouas
676 1261 791 1319 semper
805 1243 881 1302 auris
902 1252 1003 1302 mutat.
1044 1243 1148 1320 Itaque
1166 1246 1209 1302 ad
1220 1246 1250 1303 in
1265 1251 1297 1303 et

240 1344 413 1403 mutandum
448 1358 573 1402 censeo:
608 1343 699 1400 uerba
734 1343 776 1401 sic
811 1352 908 1401 struo:
944 1343 1093 1420 Asperitas
1127 1342 1174 1403 od.
1205 1343 1294 1403 datur

239 1441 428 1522 (danturique
449 1441 564 1518 linguae
579 1437 800 1520 (nominatiuus)
814 1452 987 1501 mouentum
1001 1443 1092 1500 uerba
1105 1442 1244 1519 maligna,
1261 1453 1294 1502 et

239 1539 350 1619 (datur)
374 1540 511 1599 mutantis
539 1536 660 1618 (accus.)
682 1558 796 1618 semper
820 1559 913 1600 nouas
937 1541 1023 1611 auris,
1044 1540 1164 1600 crimina
1185 1542 1293 1619 populi

240 1642 313 1700 ferre
328 1657 378 1698 ore
392 1638 513 1714 bilingui
534 1657 586 1715 per
600 1639 751 1716 populum.
786 1637 890 1698 Malim
906 1648 1004 1699 tamen
1018 1640 1143 1698 taulanti
1153 1640 1293 1713 scribere,

240 1739 286 1800 cui
300 1738 383 1797 facile
400 1736 594 1795 adhaesurum
612 1747 674 1796 erat
692 1758 707 1796 s
722 1738 868 1814 sequentis
886 1738 1021 1798 uocabuli
1041 1749 1164 1816 campen·
1186 1749 1292 1818 estque

240 1837 296 1896 hoc
312 1835 563 1895 accommodatius
576 1834 614 1894 ad
628 1836 803 1912 praecedens
817 1838 910 1895 datur.

281 1965 309 2005 u.
326 1960 384 2022 573
400 1965 437 2004 ex
453 1945 568 2005 Gembl.
584 1946 625 2006 sic
641 1947 806 2007 refinxerim

363 2060 449 2120 Neue
470 2061 505 2120 sit
527 2072 651 2122 aetatem
672 2063 771 2140 primis
792 2062 961 2141 producere,
985 2061 1091 2137 Pisces,

232 2157 269 2230 'h.
279 2189 304 2229 e.
315 2189 390 2229 neue
405 2169 441 2228 sit
454 2169 548 2240 uobis,
559 2168 693 2242 oPisces,
703 2170 803 2247 primis
817 2170 976 2248 producere
985 2167 1028 2249 (in
1042 2169 1151 2251 ortum)
1162 2182 1293 2232 aetatem

241 2271 302 2330 siue
317 2270 408 2327 uitam
422 2268 613 2327 nascentium.

285 2368 389 2445 Itaque
409 2366 474 2425 talis
495 2366 592 2425 euadit
613 2364 707 2425 forma
728 2367 888 2426 sententiae

364 2481 448 2541 Neue
471 2481 507 2540 sit
527 2487 644 2541 aetatem
665 2482 765 2559 primis
786 2483 957 2559 producere,
979 2481 1087 2544 Pisces.

363 2580 527 2639 Garrulitas
548 2580 651 2640 odiosa
671 2580 763 2653 datur,
783 2581 959 2658 linguaeque
979 2592 1153 2642 mouentum

362 2678 461 2738 Verba
481 2678 618 2756 maligna,
640 2697 733 2738 nouas
754 2678 919 2760 mutanti(s)
941 2698 1055 2758 semper
1074 2687 1102 2740 ei
1120 2668 1197 2741 auri's

365 2777 495 2837 Crimina
515 2796 568 2855 per
588 2777 731 2856 populum
752 2779 854 2857 populi
876 2778 948 2838 ferre
969 2798 1021 2839 ore
1042 2780 1171 2859 bilingui.

283 2893 336 2953 IV·
352 2897 490 2968 579-581

366 3008 480 3069 Scilicet
499 3009 529 3066 in
550 3009 661 3085 piscem
683 3028 746 3070 sese
766 3009 901 3071 Citherea
921 3013 1034 3071 notauit

365 3107 442 3168 Cum
462 3108 624 3168 babilonias
646 3127 730 3168 casus
751 3109 879 3187 profugit
899 3111 929 3169 in
949 3111 1044 3172 undas

364 3268 568 3349 Anguipedem
591 3206 683 3333 aldiis
703 3207 843 3335 hundddds
863 3276 992 3354 typhona
1011 3277 1161 3339 ferentem.

285 3401 342 3462 579
357 3388 478 3447 nouauit
487 3394 527 3446 est
539 3389 568 3446 in
577 3391 616 3448 ed.
631 3389 759 3449 Molr‘m‘z'.
785 3394 845 3466 580
858 3394 900 3451 sic
918 3392 986 3452 Cur.
1000 3400 1027 3451 ct
1046 3393 1131 3454 Voss.1
1145 3397 1207 3454 nisi
1219 3400 1296 3473 quod

244 3486 311 3545 Cur.
322 3488 405 3545 labet
416 3487 552 3564 prolingit
593 3488 741 3549 babilonia
750 3496 835 3550 cassu
846 3508 941 3550 mersa
958 3490 1044 3551 Voss.²
1087 3495 1143 3568 581
1159 3513 1291 3573 unguem

234 3596 291 3660 pro
311 3585 448 3645 humeros
470 3583 554 3644 Voss.1
571 3584 639 3645 cus.
684 3588 791 3664 unguis
805 3608 821 3645 o
834 3590 938 3666 anguis
951 3590 976 3649 b.

283 3702 310 3741 u.
327 3686 387 3757 580
401 3684 534 3761 plerique
549 3703 584 3743 ex
602 3685 702 3745 Voss.²
716 3686 758 3746 sic
772 3686 862 3746 edunt

364 3798 441 3858 Cum
463 3798 677 3876 Babyloniacas
698 3820 859 3861 summersa
879 3802 1007 3880 profugit
1027 3805 1058 3862 in
1079 3806 1173 3866 undas

242 3923 270 3972 et
292 3913 332 3974 sic
350 3913 507 3987 Bentleius,
523 3915 574 3975 sed
594 3916 688 3976 deleto
708 3936 735 3977 u.
751 3922 805 3991 581
829 3928 969 3995 tanquam
987 3923 1093 3998 spurio,
1115 3922 1291 4003 inuectoque
