2760 4448
262 281 323 326 110
568 276 717 326 NOCTES
736 275 986 326 MANILIANAE

257 432 376 506 cognita,
406 429 441 489 cf.
477 429 516 489 ΙΙ.
549 433 646 507 785-7
675 431 813 490 Materies
840 433 970 508 prunum
1001 449 1104 503 rernm,
1135 432 1245 489 ratione
1269 450 1310 488 re·

258 532 339 597 mata,
366 524 515 583 Tradena'a
542 531 588 597 est,
617 528 691 584 ratri>
720 547 753 584 ne
777 529 816 584 sit
828 532 896 602 post
914 528 1011 598 irre'ta,
1038 545 1104 583 neue
1130 524 1311 600 Argumenta

257 625 339 682 uene's
361 629 488 699 stupeant
512 625 654 682 nascentia
677 625 766 683 rebus.
790 624 894 682 Malim
918 634 1017 683 tamen
1039 625 1205 699 percognita
1228 624 1309 694 tueri,

257 721 286 781 h.
307 742 331 781 e.
365 722 480 798 penitus
511 723 638 799 cognita,
671 723 743 781 sicut
772 723 831 781 iam
867 722 939 781 dixit
971 722 1010 780 II.
1048 740 1104 796 149
1142 721 1208 779 Hoc
1246 741 1310 797 qua

257 841 308 897 que
323 820 460 896 fatorum
493 827 539 892 est,
571 823 653 896 legem
674 823 834 897 perdiscere
849 822 924 903 fati.
976 821 1142 880 Simiilimus
1170 830 1215 878 est
1242 838 1310 878 usus

256 918 392 977 uocabuli
413 937 460 994 ap.
482 917 556 976 Plin.
577 919 618 978 H.
641 918 678 980 N.
705 920 733 978 ii.
758 922 813 977 116
830 921 932 995 palam
956 925 997 977 est
1019 920 1081 977 illos
1103 936 1208 994 quoqne
1229 919 1311 994 legen

257 1025 376 1075 naturae
389 1017 487 1074 habere
502 1036 556 1074 nan
578 1019 700 1092 ignotam
714 1019 826 1076 etiamsi
838 1019 958 1076 mudum
965 1018 1168 1094 percognitam.
1213 1011 1312 1096 [Idem

256 1115 344 1173 uideo
359 1113 501 1190 placuisse
515 1112 669 1196 Breitero}

296 1214 353 1272 ΙΙΙ.
369 1216 509 1288 590-596
525 1213 566 1272 sic
582 1224 682 1273 extant
697 1214 728 1271 in
742 1212 858 1273 Gembl.
979 1293 982 1298 „

299 1330 358 1388 590
380 1310 411 1370 Si
432 1312 508 1371 bene
529 1312 688 1370 constiterit
708 1313 803 1388 primo
826 1313 880 1371 sub
901 1312 1020 1371 cardine
1041 1311 1109 1370 luna

379 1409 448 1481 Quo
470 1410 561 1469 credit
581 1411 612 1468 in
633 1420 722 1469 terras
742 1411 869 1470 mundus
890 1427 1071 1486 nascensque
1094 1409 1204 1469 tenebit

378 1507 520 1567 Exortum
541 1518 667 1568 octonos
687 1508 784 1567 decies
800 1508 920 1568 ducetur
940 1510 970 1566 in
991 1525 1086 1567 annos

379 1604 419 1663 Ni
440 1606 499 1664 duo
520 1606 662 1665 decedant
683 1617 712 1666 at
733 1625 802 1666 cum
823 1609 878 1666 sub
898 1607 1024 1666 culmine
1045 1623 1163 1664 summo

379 1703 526 1763 Consistet
547 1705 639 1763 tribus
659 1705 706 1764 hic
728 1723 866 1763 numerus
888 1704 1067 1763 fraudabitur
1087 1704 1174 1763 annis

298 1815 356 1877 595
377 1800 428 1859 Bis
449 1802 643 1879 quadragenis
664 1821 787 1862 occasus
808 1803 890 1862 diues
910 1803 940 1859 in
961 1813 1044 1861 actus

380 1899 456 1959 Solis
477 1909 539 1959 erat
559 1918 682 1960 numero
704 1900 762 1959 nisi
779 1901 893 1960 deesset
913 1901 1033 1976 olimpia
1053 1900 1131 1958 luna

299 2012 354 2073 591
379 1997 469 2069 Quod
483 2018 498 2056 ο
513 1997 581 2069 Qua
594 1998 687 2057 Bentl.
699 1999 771 2058 redit
781 2001 972 2057 nostriannes
986 1999 1103 2058 tenebat
1117 1999 1315 2056 nastriomnes

256 2097 367 2156 mundo
395 2096 480 2154 Visst
500 2099 583 2155 salus.
629 2112 686 2172 593
710 2096 750 2155 Ni
778 2095 865 2157 Voss.ss
885 2098 909 2157 si
933 2095 1000 2156 Cus.
1030 2092 1117 2154 Voss.¹
1138 2095 1155 2152 b
1173 2115 1195 2152 a.
1251 2110 1312 2170 594

271 2177 425 2226 fraudabitur

256 2244 437 2321 superabitur
458 2245 481 2303 b.
535 2258 593 2318 595
615 2244 809 2321 quadragenis
833 2242 900 2303 Cur.
929 2241 1016 2302 Voss.l
1037 2243 1083 2301 bo
1103 2242 1314 2319 quadragenus

263 2343 348 2400 Voss.²
369 2342 572 2419 quadragenos
592 2342 715 2400 Hnetens
740 2352 821 2401 actus
841 2361 932 2400 ornnes
952 2352 1033 2402 ortus
1055 2341 1205 2399 Bentleius.
1251 2345 1312 2416 596

256 2439 388 2500 deessea
408 2439 600 2520 oii(yb)mpia
621 2440 689 2499 luna
713 2439 780 2500 Cas.
804 2438 889 2499 Voss.l
903 2440 919 2498 b
933 2440 1042 2516 olimpa
1061 2439 1160 2497 lunaa
1181 2439 1313 2516 olimpus

255 2537 325 2597 luna
347 2537 432 2597 Vass.2
447 2539 591 2616 olympias
606 2557 665 2597 una
678 2540 718 2596 ed.
732 2538 930 2614 Neapolitana.

298 2636 457 2713 Singularis
472 2646 516 2697 est
529 2636 697 2714 deprauatio
714 2636 830 2695 Gembl.
850 2636 910 2708 Qua
930 2636 1025 2706 credet,
1047 2654 1102 2711 pro
1123 2652 1184 2711 quo
1206 2637 1311 2697 nescio

256 2753 294 2792 an
309 2734 510 2811 reponendum
525 2735 559 2793 sit
573 2735 653 2812 quod
667 2733 815 2794 Bentleius
830 2735 907 2794 dedit
922 2733 985 2806 Qua
997 2735 1075 2792 redit.
1116 2733 1214 2792 Potuit
1229 2735 1312 2792 enim

256 2852 285 2891 oc
302 2853 338 2892 ex
358 2831 554 2892 Lombardica
572 2832 664 2909 figura
680 2854 699 2892 a
720 2832 911 2910 prouenisse:
938 2842 966 2891 et
987 2831 1139 2909 persimilis
1160 2840 1204 2889 est
1226 2830 1312 2891 locus

257 2931 280 2990 I.
296 2945 334 3004 45
353 2930 415 3002 Qua
430 2933 550 2990 mundus
566 2933 646 3003 redet,
661 2949 750 3008 quem
764 2931 823 2989 iam
838 2930 937 2989 citauit
954 2928 1113 2989 Bentleius.
1154 2928 1193 2986 Et
1208 2938 1311 2988 tamen

256 3029 343 3087 habet
370 3028 429 3100 Qua
454 3031 559 3106 quibus
584 3029 763 3088 defendatur.
806 3027 884 3086 Nam
906 3029 930 3086 si
954 3029 1082 3086 mundus
1103 3026 1132 3085 h.
1147 3045 1172 3085 e.
1193 3027 1311 3086 caelum

256 3129 329 3185 redet
342 3128 402 3186 siue
417 3146 514 3187 sursus
528 3128 685 3186 reuoluitur
700 3130 730 3184 in
744 3133 844 3199 terras,
861 3136 938 3185 recte
953 3126 1057 3184 dicitur
1070 3125 1124 3183 hnc
1138 3124 1240 3199 redire,
1253 3145 1310 3185 nec

260 3226 320 3298 Quo
330 3226 360 3283 in
373 3224 436 3296 Qua
447 3226 651 3304 corrigendum
663 3234 736 3284 erat:
757 3243 818 3284 non
829 3225 922 3300 magis
933 3242 1022 3300 quam
1034 3222 1112 3301 apud
1123 3222 1310 3299 Propertium

255 3326 289 3382 iv.
312 3321 363 3405 (v.)
389 3344 413 3382 1.
441 3346 458 3400 9
487 3324 546 3396 Qua
567 3325 708 3400 gradibus
730 3324 825 3382 damus
847 3324 902 3381 ista
921 3322 1011 3380 Renn'
1028 3343 1056 3380 se
1076 3322 1195 3393 sustulit,
1218 3341 1311 3398 quem

255 3425 364 3501 optime
379 3423 534 3499 explieauit
548 3423 766 3499 Hertzbergius.

294 3541 322 3580 u.
340 3535 397 3596 593
421 3522 494 3580 inter
514 3519 563 3578 Ni
583 3523 636 3579 dno
660 3521 790 3578 decedant
808 3530 836 3579 et
855 3518 895 3578 Si
910 3520 964 3578 duo
986 3519 1116 3577 decedant
1136 3536 1199 3576 non
1224 3517 1311 3578 facile

255 3620 443 3679 diiudicatur:
473 3637 543 3678 sane
565 3619 693 3695 sequitur
721 3620 780 3693 596
802 3617 877 3677 Salis
898 3624 961 3675 erat
981 3637 1094 3675 numero
1114 3618 1188 3675 nisi
1209 3618 1313 3676 deerret

254 3719 390 3795 olympias
411 3737 477 3789 uua,
493 3717 543 3776 sed
565 3717 725 3793 praeiuerat
746 3718 805 3791 569
825 3716 880 3774 Ter
900 3717 1006 3792 quinas,
1021 3714 1201 3792 Capricorne,
1214 3717 1310 3789 dares,

253 3819 284 3875 si
300 3824 431 3893 quattuor
448 3823 535 3874 essent
546 3815 680 3891 Adposui
690 3834 800 3872 menses.
843 3814 944 3892 Itaque
959 3815 996 3872 ad
1016 3814 1134 3873 codices
1152 3832 1197 3872 res
1215 3815 1309 3888 redit3

254 3934 379 3993 quorum
399 3933 467 3974 curn
482 3913 521 3972 Si
532 3914 561 3972 in
583 3913 778 3985 deterioribus,
794 3912 844 3971 Ni
859 3913 888 3970 in
909 3912 1067 3972 Gembl.·et
1081 3911 1180 3971 Voss.⁹
1195 3914 1240 3983 sit,
1261 3913 1309 3972 his
