2760 4448
576 208 800 258 PRAEFATIO.
1176 193 1213 256 ix

162 369 283 427 nomina
297 368 337 427 ibi
354 368 608 445 peregrinantium,
625 387 709 427 suurn
725 387 851 446 quoque,
867 385 935 426 curn
950 366 996 426 die
1011 385 1070 445 quo
1084 377 1212 438 uenerat,

162 468 269 526 rettulit
282 467 444 544 adiecitque
459 467 530 526 haec
546 486 582 526 ex
598 466 722 526 Manilio
737 465 790 546 (ΙΙ.
809 479 874 539 115,
894 464 965 544 116)

285 565 361 637 Quis
381 566 494 624 caelum
514 576 614 641 posset
635 566 690 624 nisi
711 565 782 624 caeli
802 584 922 623 munere
943 582 1042 636 nosse,

285 663 323 722 Et
343 665 468 740 reperire
489 663 587 724 Deum
608 665 662 723 nisi
684 666 734 741 qui
755 683 822 740 pars
842 664 905 739 ipse
927 663 1059 722 Deorum
1080 665 1143 722 est?

162 761 305 821 Videlicet
333 762 500 821 recordatus
528 773 572 822 est
599 762 655 822 loci
681 782 740 840 quo
769 762 908 820 Manilius
936 763 972 820 de
1000 772 1061 820 arte
1089 762 1213 839 loquens

163 861 375 937 astrologorum
387 861 533 936 redarguit
543 872 684 936 negantes
699 879 786 936 posse
801 862 862 937 regi
874 859 931 918 fata
943 861 1090 919 sideribus.
1123 859 1213 919 Hunc

161 959 248 1034 igitur
262 970 349 1035 poeta
365 959 469 1017 unicus
486 959 609 1035 dignum
623 959 722 1018 habuit
736 979 825 1036 quem
845 961 877 1016 in
896 959 1039 1017 memoria
1053 959 1212 1029 conditum,

162 1058 211 1115 ubi
236 1057 342 1128 liceret,
364 1068 556 1133 expromeret,
578 1076 632 1117 nos
657 1076 718 1116 non
738 1077 776 1116 ex
797 1058 943 1117 obliuione
964 1057 1098 1116 diuturna
1119 1057 1213 1116 uindi-

163 1157 303 1227 cabimus‚
319 1157 350 1213 in
364 1142 516 1232 lucemque
531 1175 565 1216 ac
577 1157 658 1215 'diem
672 1157 776 1215 iterum
790 1155 1015 1233 protrahemus?

204 1255 374 1331 Cogitaram
397 1255 433 1314 de
460 1253 574 1313 Manilii
599 1266 692 1314 aetate
714 1266 742 1314 et
763 1256 882 1332 ingenio
907 1255 1049 1313 nonnulla
1073 1254 1211 1332 exsequi:

163 1355 214 1413 sed
234 1373 288 1412 nec
308 1353 419 1412 libellus
439 1353 485 1411 hic
507 1353 729 1429 amplificandus
750 1364 819 1425 erat,
834 1365 863 1412 et
883 1354 950 1413 satis
969 1353 1042 1412 haec
1057 1363 1214 1413 tractarunt

162 1453 218 1524 alii,
233 1453 311 1511 uelut
326 1452 472 1528 Georgius
486 1453 522 1509 Α,
538 1452 658 1511 Simcox
677 1453 707 1510 in
727 1453 847 1511 historia
867 1453 1024 1511 litterarum
1044 1451 1213 1510 Latinarum
1301 1508 1306 1515 .

161 1561 189 1610 et
211 1549 366 1609 Lansonus
387 1553 417 1609 in
437 1551 579 1628 opusculo
593 1550 673 1628 quod
692 1552 723 1608 de
741 1550 868 1608 Manilio
883 1557 965 1627 poeta
987 1551 1075 1610 edidit
1096 1550 1213 1609 Parisiis

162 1649 367 1724 ann01887¹.

204 1747 373 1808 Manilianis
397 1748 645 1808 dissertationibus
670 1747 768 1806 addidi
793 1747 933 1806 nonnulla
954 1765 1029 1824 quae
1054 1747 1084 1805 in
1105 1747 1213 1806 Aratea

163 1845 332 1906 Germanici
357 1858 574 1906 commentatus
599 1847 647 1905 fui.
690 1845 761 1918 Quo
782 1846 900 1922 quidem
921 1847 1050 1905 carmine
1073 1848 1110 1905 ab
1134 1863 1213 1905 anno

162 1964 255 2023 usque
290 1949 376 2020 1873,
401 1963 460 2023 quo
488 1946 614 2022 primum
645 1947 671 2004 ei
701 1945 824 2020 legendo
851 1945 979 2015 incubui,
1004 1963 1120 2021 semper
1147 1963 1212 2002 sum

162 2044 237 2103 adeo
265 2043 431 2116 delectatus,
455 2055 487 2102 ut
518 2044 633 2120 saepius
662 2043 699 2102 ad
727 2043 757 2100 id
782 2043 914 2113 redirem,
943 2043 1159 2115 emendaturus,
1187 2044 1212 2102 si

161 2161 289 2219 possem,
309 2144 414 2201 uitiosa
431 2162 507 2220 quae
528 2143 632 2200 librarii
654 2142 819 2214 intulerant,
839 2160 899 2200 non
921 2141 1094 2200 sustulerant
1113 2143 1212 2202 critici.

163 2239 233 2299 Non
255 2242 333 2299 enim
355 2241 455 2299 dubito
476 2241 571 2300 dicere
589 2259 643 2298 nec
659 2239 795 2299 Ciceroni
815 2257 870 2298 nec
883 2238 998 2297 Auieno
1016 2248 1076 2297 tarn
1094 2239 1212 2300 feliciter

162 2358 282 2416 operam
297 2341 327 2397 in
340 2339 432 2397 Arato
445 2339 637 2415 exprimendo
652 2357 740 2415 quam
755 2337 932 2397 Germanico
948 2338 1129 2397 successisse.

203 2438 313 2498 Oxonii
327 2438 374 2496 die
388 2438 458 2494 xxiii
474 2438 600 2496 Ianuarii
614 2457 640 2496 a.
655 2455 808 2498 nucccxcr.

195 2609 204 2638 ¹
222 2611 430 2660 Emendationum
449 2625 558 2659 mearum
577 2624 634 2674 pars
654 2609 704 2658 iam
727 2625 791 2658 anno
814 2607 876 2658 1886
899 2609 923 2657 in
944 2609 1032 2657 Diario
1054 2608 1211 2673 Philologico

161 2689 361 2752 Cantabrigiensi
380 2694 429 2747 (xv.
445 2705 487 2753 pp.
501 2702 523 2751 a,
536 2692 571 2750 3),
587 2704 644 2752 pars
661 2689 803 2752 ann0189o
819 2687 954 2750 (Classical
962 2688 1065 2737 Rrvz'ew
1082 2688 1119 2737 lor
1137 2690 1209 2754 May)

161 2768 257 2831 publici
269 2767 327 2816 iuris
338 2767 404 2816 iacta
415 2774 459 2816 est.
