2760 4448
677 278 712 330 π
1170 278 1209 350 73

209 439 269 513 906
291 437 416 497 nutantis
428 437 494 498 Cur.
511 433 596 495 Voss.¹
626 436 762 495 mutantis
780 433 898 494 Voss.²o.
927 448 986 510 907
1003 433 1132 508 Hethera
1143 433 1210 494 Cur.

167 546 218 601 aut
238 537 312 594 cedd.
326 542 440 613 praeter
458 536 474 593 b
495 535 555 594 adit
575 534 591 592 b
615 534 701 592 habet
724 533 852 609 Regiam.
873 531 964 609 Neep.
1004 541 1082 592 amat
1101 532 1211 592 Bonz'n-

166 637 292 693 contre'ur
333 635 386 694 sub
401 650 518 710 quoque
532 634 607 691 codd.
645 634 698 690 sub
713 650 772 708 quo
788 631 857 708 quia
870 651 926 707 ego.

209 731 353 810 Loquitur
373 732 419 792 hic
440 733 476 792 de
500 731 618 808 regione
643 729 754 789 Phoebi
775 730 836 789 siue
857 748 945 800 nona,
967 729 1013 788 cui
1036 728 1158 788 aduersa
1180 730 1210 787 in

166 831 250 890 caelo
264 840 307 889 est
326 831 407 906 regio
428 829 562 889 Phoebes
577 825 649 907 (910
664 826 742 907 sqq.)
763 828 823 887 siue
843 828 932 886 tertia.
974 827 1058 886 Haec
1079 829 1159 904 regio
1180 848 1210 888 rx

166 928 347 989 adiacentem
361 928 415 987 sibi
428 929 515 987 habet
529 911 566 986 ex
581 927 669 986 altera
690 935 770 1004 parte
783 925 929 984 Venerem
949 925 979 983 in
993 944 1052 1001 qua
1066 906 1207 998 meridies,

166 1026 214 1107 (x)
236 1045 273 1085 ex
300 1027 388 1085 altera
408 1026 584 1104 Typhonem
607 1022 693 1103 (vm).
734 1024 805 1084 Post
824 1023 1001 1100 Typhonem
1022 1035 1209 1084 numerantur

166 1126 268 1185 ordine
293 1124 424 1185 Plutonis
445 1143 494 1196 vu,
516 1134 578 1183 tum
599 1143 628 1182 vr
649 1143 668 1181 v
688 1142 718 1182 rv
737 1121 890 1200 usquead
912 1123 1059 1189 cardinem
1083 1123 1207 1197 Saturni,

166 1223 235 1282 inde
256 1242 290 1282 111
311 1243 365 1282 111
387 1241 478 1299 usque
502 1222 540 1281 ad
564 1221 710 1281 cardinem
733 1220 878 1280 Mercurii.
920 1220 1009 1279 Hunc
1030 1223 1164 1280 ordinem
1185 1223 1209 1281 si

166 1321 324 1398 sequimur,
345 1321 479 1397 regiones
500 1321 593 1397 prima
613 1320 651 1378 ad
673 1328 808 1378 octauam
828 1318 938 1378 Phoebi
958 1320 1106 1396 regionem
1127 1330 1209 1380 ante·

166 1430 246 1492 eunt,
272 1438 339 1479 cum
363 1420 400 1478 sit
422 1438 519 1489 nona;
545 1419 670 1495 reliquas
691 1428 788 1477 autem
812 1437 831 1476 x
851 1437 881 1476 x1
909 1437 950 1477 xn
968 1424 1036 1493 pert
1058 1436 1089 1476 se
1113 1418 1208 1478 habet.

165 1518 231 1576 Iam
252 1517 284 1590 si,
305 1528 337 1576 ut
358 1536 443 1594 supra
465 1518 544 1589 dixit,
565 1536 680 1594 semper
703 1519 818 1575 dextris
834 1522 976 1574 censentur
995 1520 1079 1591 regna
1092 1519 1206 1593 priora,

165 1624 236 1675 octo
256 1616 320 1675 illae
341 1616 474 1692 regiones
492 1616 608 1675 dextrae
623 1625 706 1675 erunt
720 1615 787 1674 huic
806 1635 836 1674 rx
851 1615 911 1673 siue
925 1614 1055 1674 Phoebi:
1078 1616 1208 1676 sinistrae

165 1735 184 1774 x
201 1734 232 1774 xr
246 1734 297 1775 xn.
341 1714 443 1791 Itaque
457 1714 644 1773 scribendum
658 1715 710 1772 erit

249 1812 307 1872 Sed
327 1813 455 1872 medium
476 1821 544 1888 post
565 1812 669 1870 dextra
689 1811 766 1870 diem
787 1822 964 1888 curuataque
984 1811 1112 1888 primum

248 1910 384 1970 Culmina
405 1911 541 1970 mutantis
562 1928 678 1969 summo
700 1911 735 1970 de
757 1911 862 1971 uertice
884 1911 986 1970 mundi

248 2009 374 2070 Aethera
394 2008 530 2068 Phoebus
549 2009 645 2068 habet.

164 2108 194 2166 h.
204 2126 229 2166 e.
244 2107 381 2166 Phoebus
400 2116 479 2167 tenet
498 2107 563 2167 loca
583 2107 686 2167 dextra
706 2117 773 2184 post
794 2106 922 2166 medium
936 2107 1012 2166 diem
1021 2128 1030 2180 ;
1050 2126 1118 2167 nam
1133 2126 1207 2185 quae

164 2207 286 2265 sinritra
301 2215 367 2265 sunt
387 2215 453 2282 post
472 2205 622 2264 meridiem
635 2207 685 2264 ubi
699 2205 820 2265 Veneris
834 2214 877 2264 est
891 2206 972 2281 regio
986 2207 1044 2264 iam
1059 2207 1208 2283 descripsit

166 2308 225 2364 881
242 2322 306 2381 sqq.
347 2302 434 2364 Certe
449 2304 473 2362 si
483 2312 580 2381 posta
594 2315 734 2382 sequente
749 2304 892 2364 uocabulo
907 2303 1122 2363 distrahendum
1136 2315 1206 2377 erat,

163 2423 221 2463 nec
236 2410 316 2462 ostra
329 2421 384 2463 nec
397 2410 492 2462 castra
506 2422 561 2462 nec
575 2403 739 2462 huiusmodi
754 2421 862 2462 nomen
876 2403 958 2462 locus
972 2403 1080 2480 recipit,
1092 2404 1144 2462 sed
1158 2414 1207 2463 aut

164 2501 348 2574 adiectiuum,
359 2501 613 2578 autparticipium3
630 2519 689 2578 quo
698 2500 721 2560 si
730 2509 835 2572 eareat,
845 2502 986 2559 obscurus
997 2501 1028 2558 fit
1038 2519 1141 2575 sermo,
1151 2520 1206 2561 nec

163 2598 329 2675 intelligitur
355 2601 392 2658 ad
424 2603 540 2658 medz'um
571 2603 649 2673 dz'em,
671 2619 733 2659 non
763 2618 822 2676 quo
851 2599 983 2670 debebat,
1012 2600 1050 2658 ad
1079 2618 1205 2678 sequens

163 2697 350 2769 uocabulum,
374 2697 471 2757 referri
505 2698 760 2775 praepositionem.
801 2696 937 2756 Ceterum
964 2698 1070 2756 dextro
1105 2717 1141 2757 ex
1174 2700 1206 2757 de

162 2801 244 2853 ostra
265 2795 397 2854 uitiatum
417 2806 496 2873 puto,
518 2797 590 2855 sicut
614 2797 644 2855 in
664 2795 768 2855 Catull.
788 2795 873 2853 lxviii.
893 2813 966 2869 143:
990 2812 1056 2854 cum
1076 2796 1154 2854 enim
1175 2799 1207 2854 de

163 2911 226 2952 non
253 2896 463 2970 perspiceretur
493 2893 563 2972 quid
590 2904 672 2966 esset,
700 2895 840 2954 omissum
874 2902 926 2962 est,
954 2900 1035 2952 astra
1061 2897 1206 2954 remansit.

165 2990 321 3068 Sequentia
357 2999 526 3068 curuataque
549 2995 678 3069 pre'enum
708 2991 843 3052 Culmino
876 2995 1009 3051 mutantis
1036 3012 1141 3051 summo
1174 2993 1207 3051 de

162 3092 264 3147 uerte'ce
285 3092 385 3148 mundi
401 3090 523 3149 Aethera
536 3090 664 3149 Phoebus
684 3092 765 3150 hebet
779 3101 856 3150 recte
873 3091 914 3150 sic
933 3091 1045 3150 refinxit
1060 3090 1205 3161 lacobus3

162 3188 297 3265 quamuis
317 3189 393 3248 enim
408 3191 533 3248 nutanti
547 3190 582 3248 sit
595 3190 626 3247 in
641 3188 755 3248 Gembl.
770 3199 799 3249 et
813 3189 956 3266 plerisque
973 3198 1084 3266 praeter
1098 3187 1205 3259 Voss.²,

163 3286 310 3363 praeualet
330 3286 376 3346 hic
397 3287 482 3347 huius
496 3287 596 3364 optimi
610 3287 718 3347 codicis
733 3288 895 3358 auctoritas
915 3287 1107 3364 adstipulante
1121 3304 1204 3363 prae-

163 3385 259 3444 sertim
280 3404 312 3456 03
340 3403 401 3445 non
416 3395 458 3445 est
473 3386 551 3445 enim
571 3386 654 3462 parui
675 3386 755 3463 quod
775 3386 853 3445 idem
867 3385 965 3445 Voss.l
979 3387 1057 3445 solus
1078 3386 1204 3444 seruauit

162 3494 301 3561 truncum¹
320 3484 400 3542 illum
419 3485 593 3544 uersiculum
606 3496 661 3562 per
684 3491 764 3543 tanta
778 3486 908 3561 pericula
930 3487 1036 3556 mortei,
1059 3484 1120 3543 sine
1144 3501 1204 3561 quo

163 3583 326 3657 ambiguum
343 3583 374 3640 in
392 3597 450 3657 903
468 3582 601 3660 explicari
620 3583 727 3662 nequit.
770 3582 843 3642 Mox
858 3589 910 3641 aut
921 3602 956 3642 ex
972 3589 1043 3643 ‚auct
1054 3591 1082 3640 et
1096 3581 1152 3640 hoc
1167 3600 1203 3640 ex

162 3680 245 3738 hebet
256 3691 352 3740 ortum
366 3681 462 3740 credo.

204 3779 329 3838 Facilius
343 3780 530 3839 emendantur
541 3798 615 3858 quae
630 3791 773 3840 secuntur.
808 3781 937 3839 Primum
949 3780 1025 3838 enim
1038 3778 1089 3836 sub
1102 3797 1204 3853 quoque

163 3888 206 3937 est
229 3877 352 3954 subque
374 3881 450 3954 quia,
470 3880 517 3940 cui
538 3880 680 3957 apodosin
701 3880 809 3940 faciunt
835 3879 881 3939 illa
905 3881 970 3937 deus
991 3879 1037 3936 ille
1056 3879 1130 3936 loeus
1153 3877 1204 3935 sub
