2760 4448
566 252 602 302 [ι
1057 238 1099 321 67

58 408 187 490 pendent
215 409 329 471 omnia:
358 428 428 471 nam
452 420 598 490 utraeque,
620 421 652 470 ut
675 410 772 472 uerbis
796 420 861 471 utar
885 410 1011 485 Hunrrr,
1032 421 1101 473 sunt

58 513 218 582 ἀποκλίματα
237 510 298 569 siue
317 509 375 571 loci
394 510 505 582 deiecti,
522 510 696 570 duodecima
715 528 781 570 cum
796 512 833 569 ab
847 529 882 569 ea
896 511 1051 570 descensus
1066 511 1101 570 sit

57 608 95 668 ad
123 608 275 684 regionem
302 590 449 680 Mercurii,
479 626 539 686 quo
569 609 599 666 in
630 608 775 667 descensu
802 619 983 685 praetentam
1011 609 1101 668 habet

57 707 191 778 ruinam3
212 714 295 766 sexta
312 717 410 765 autem
430 724 497 766 cum
518 707 555 765 ab
569 723 677 765 occasu
697 706 797 766 omnia
816 707 875 765 iam
895 706 1019 766 decliuia
1040 708 1098 765 sint

57 797 255 864 descendenti.
290 805 393 882 Itaque
408 804 592 864 scribendum
605 805 658 863 erit
672 823 723 862 neu
729 812 855 881 praestet
866 806 981 862 cardz'ne
993 807 1099 876 munda,
1180 790 1184 805 ⁶

57 902 86 961 h.
95 922 122 962 e.
145 921 218 961 neue
240 904 370 980 superior
391 903 427 962 sit
440 903 612 962 duodecima
630 920 667 962 eo
689 903 768 980 quod
789 903 924 980 proxima
940 912 983 961 est
1004 902 1102 962 Horo-

57 1019 169 1078 scopo;
184 1002 244 1060 siue
253 1002 347 1060 mauis
357 1001 395 1060 ad
407 1001 526 1076 Vtraque
536 1001 648 1073 referre,
658 1001 720 1074 erit,
726 1019 800 1060 neue
807 1010 932 1077 praestet
941 1001 1028 1060 altera
1038 1011 1104 1059 utra

57 1099 159 1158 alteri:
180 1117 249 1157 nam
262 1099 319 1158 hoc
333 1099 451 1176 quidem
464 1099 496 1157 in
511 1100 600 1159 dubio
613 1109 664 1158 est.
706 1100 837 1158 Praestet
848 1099 956 1157 habent
969 1099 1101 1176 plerique

58 1197 179 1256 codices
193 1206 221 1256 et
234 1215 266 1256 o:
288 1196 355 1256 hinc
370 1207 503 1275 corrupte
515 1203 644 1273 praestat
656 1194 799 1276 (Gembl.)
808 1199 931 1274 praestit
945 1195 1078 1277 (Vosst).

102 1295 174 1354 Post
188 1296 320 1371 regiones
334 1314 377 1356 x11
390 1304 420 1356 et
433 1316 470 1368 vr,
486 1297 580 1374 pergit
594 1295 633 1354 ad
646 1314 698 1355 vur
712 1305 740 1354 et
754 1315 785 1355 11.

103 1394 144 1451 ΙΙ.
159 1396 300 1469 872-874

427 1509 566 1568 praeceps
586 1490 657 1550 haec
679 1491 726 1550 illa
747 1508 870 1568 superna

186 1586 322 1648 Pendens
341 1599 392 1649 aut
411 1590 512 1649 metuit
532 1591 629 1649 uicino
649 1589 764 1648 cardine
786 1589 875 1648 finem

187 1688 247 1746 Aut
267 1687 398 1747 fraudata
418 1688 510 1760 cadet.

60 1788 104 1844 sic
121 1784 227 1846 Gembl.
262 1804 387 1862 superna
403 1785 508 1846 Gembl.
525 1785 593 1845 Cus.
615 1783 698 1844 Voss.1
712 1803 728 1843 a
758 1785 862 1862 supina
880 1784 965 1844 Voss.²
979 1802 1104 1862 superne

63 1884 197 1959 Scaliger
238 1888 275 1958 87
279 1903 296 1959 3
309 1884 420 1943 fraudat
434 1884 553 1943 accadat
574 1881 661 1944 Voss?

108 1982 244 2042 Secunda
258 1993 391 2059 praeceps
412 1982 522 2055 dicitur,
537 2000 604 2041 curn
625 1981 698 2041 inira
720 1981 917 2058 Horoscopon
938 1983 998 2058 iam
1020 1982 1056 2041 sit
1078 1991 1106 2040 et

64 2081 97 2138 in
117 2081 177 2138 ima
198 2079 314 2152 feratur,
334 2081 385 2139 illa
406 2090 510 2140 octaua
529 2092 645 2157 superae
657 2082 781 2158 pendens
804 2081 936 2140 nondum
960 2080 1037 2139 facto
1058 2081 1108 2140 de·

65 2197 171 2239 scensu
189 2178 227 2237 ad
242 2196 388 2238 occasum.
429 2178 515 2238 Haec
528 2178 616 2238 altera
633 2181 728 2237 metuit
742 2180 833 2236 uz'ct'rzo
849 2180 965 2236 cardina
973 2179 1061 2255 finem
1079 2179 1110 2235 in

66 2276 195 2348 Occasu,
210 2277 259 2335 illa
277 2277 355 2352 prior
374 2274 421 2355 (u)
436 2276 511 2335 infra
525 2276 721 2353 Horoscopon
738 2277 834 2354 posita
848 2286 876 2335 et
890 2276 954 2353 ipsa
968 2276 1109 2352 prospicit

67 2375 159 2434 finem
180 2376 210 2433 in
231 2374 347 2434 cardine
368 2374 492 2447 Saturni,
506 2375 558 2434 sed
579 2374 786 2435 interueniente
807 2375 890 2434 tertia
909 2376 1027 2451 regione
1049 2370 1110 2452 (111)

56 2474 207 2551 fraudata
220 2491 257 2532 eo
271 2479 355 2531 caret.
402 2498 404 2502 ¹

108 2572 211 2648 Itaque
225 2590 322 2632 curcur
335 2589 389 2648 pro
403 2589 497 2632 csonr
512 2570 722 2648 reponendum.

108 2669 150 2728 11.
164 2672 224 2744 874
240 2687 303 2747 sqq.
317 2669 359 2729 sic
371 2679 472 2728 extant
486 2670 515 2728 in
530 2668 645 2728 Gembl.

303 2841 305 2845 ,
513 2767 616 2826 merito
637 2765 774 2844 typhonis
794 2765 936 2824 habentur

90 2868 150 2941 875
172 2863 347 2925 Horrendae
368 2864 452 2924 sedes
473 2883 561 2943 quem
581 2864 666 2924 tellus
687 2881 774 2922 saeua
795 2863 923 2940 profudit

172 2962 274 3034 Quum
296 2963 404 3022 bellum
425 2963 507 3023 caelo
525 2963 637 3039 peperit
657 2981 712 3022 nec
733 2971 823 3021 matre
844 2961 973 3021 minores

172 3061 341 3122 Exstiterint
361 3071 460 3139 partus
477 3062 528 3121 sed
548 3061 667 3121 fulmine
688 3079 786 3119 rursus
806 3061 837 3118 in
858 3060 950 3119 altum

173 3160 326 3238 Compulsi
345 3170 518 3238 montesque
539 3177 625 3236 super
645 3159 753 3219 rediere
774 3159 911 3218 cadentes

174 3257 268 3319 Cessit
289 3259 319 3318 in
339 3259 483 3317 tumulum
504 3258 571 3318 belli
592 3258 727 3334 uitaeque
747 3257 897 3333 typhaeus.

113 3359 172 3432 877
194 3357 362 3417 Exstiterint
380 3357 673 3416 Vasszam'Extiterint
688 3355 756 3416 Cur.
774 3355 953 3414 Exstiterunt
967 3374 982 3413 a
997 3353 1113 3412 exstite-

72 3467 137 3516 rant
150 3442 279 3533 Regzariz.
293 3455 385 3534 Neap.
421 3460 479 3532 879
495 3455 589 3516 Cessit
603 3467 631 3515 et
645 3456 676 3514 in
689 3460 747 3514 cett.
781 3454 925 3513 tumulum
938 3455 1040 3512 cadz'ces
1053 3471 1114 3509 cum

70 3555 235 3614 editzamdus
260 3554 386 3632 Regiam.
413 3554 504 3632 Neap.
531 3554 636 3614 Malia
664 3574 704 3613 an
731 3552 900 3612 cumulum?
941 3551 1074 3629 thipheus
1098 3567 1114 3607 a

72 3653 213 3730 tropheus
234 3651 321 3713 Van.²

112 3751 204 3824 Quod
225 3749 341 3811 Gembl.
364 3751 433 3812 Cus.
450 3750 588 3810 Vossiani
611 3759 756 3827 praestant
780 3749 962 3819 Exstitertnt,
986 3747 1059 3804 sitne
1084 3745 1114 3802 in

73 3849 262 3911 Exstiterunt
294 3850 373 3929 quod
407 3870 423 3910 o
458 3851 554 3923 habet,
585 3868 624 3907 an
658 3849 688 3907 in
726 3849 909 3909 Exstiterant
941 3845 1022 3923 quod
1057 3843 1119 3904 Re·

582 3965 632 4006 ra
