2760 4448
242 267 303 330 186
548 276 697 327 noceas
716 275 967 326 Marmara

240 456 315 515 quos
330 437 458 514 plerique
472 445 575 514 putant
588 436 713 512 pendere
727 453 764 495 ex
779 436 844 494 Hoc
857 442 897 494 est
907 437 983 494 artis
996 445 1072 512 opus.
1110 433 1212 512 Opem
1225 433 1291 491 tulit

241 534 390 595 Bentleius
403 545 517 594 mutato
531 534 633 593 ordine
647 553 803 594 uersuum:

363 649 433 709 Hoc
453 659 498 708 est
518 649 585 708 artis
606 668 682 727 opus
702 668 764 709 non
783 658 938 728 expectare
959 658 1111 726 gementes

365 751 422 810 Sed
442 768 503 810 non
523 750 637 810 auditos
658 761 806 810 mutorum
827 752 927 812 tollere
947 751 1069 810 morbos

362 849 402 909 Et
423 849 477 908 sibi
498 867 559 908 non
579 866 683 925 aegros
704 850 763 908 iam
784 849 896 908 dudum
918 848 1034 909 credere
1054 848 1134 907 tales.

241 961 347 1021 Paucis
367 960 439 1020 haec
459 960 504 1018 uir
523 978 649 1037 magnus
670 961 928 1020 commendauerit.
971 959 1078 1019 Tutius
1099 971 1170 1036 puto
1192 957 1291 1016 infini-

242 1061 317 1119 tiuos
345 1059 440 1118 facere
464 1078 500 1118 ex
525 1059 585 1117 istis
612 1060 731 1116 medr'cas
754 1065 829 1116 artes
857 1077 908 1136 per
932 1059 1107 1135 epexegesin
1129 1056 1291 1134 quamdam

241 1161 411 1237 pendentes,
435 1176 525 1235 quam
556 1159 703 1231 duriorem
734 1158 925 1234 appositionis
953 1158 1079 1216 formam
1107 1157 1292 1232 aliquatenus

242 1260 403 1335 mitigatum
421 1257 452 1316 iit
470 1267 558 1334 poeta
575 1257 684 1316 inserto
700 1273 753 1332 per
766 1257 953 1332 parenthesin
968 1256 1045 1335 (Hoc
1058 1263 1100 1314 erl
1112 1257 1186 1313 artri·
1200 1251 1290 1331 opus),

364 1369 417 1427 Ille
439 1378 516 1427 tenet
537 1368 666 1427 medicas
690 1377 765 1426 artes
787 1367 824 1426 ad
845 1368 976 1427 membra
996 1367 1131 1439 ferarum,
1156 1390 1159 1397 ⁵

363 1467 402 1526 Et
422 1484 482 1527 non
503 1467 619 1526 auditos
639 1476 784 1524 mutarum
807 1467 905 1526 tollere
926 1468 1055 1538 morbos,

365 1564 449 1640 (Hoc
470 1576 515 1624 est
536 1567 603 1625 artis
624 1564 722 1645 opus),
743 1583 805 1623 non
827 1576 980 1641 expectare
1002 1574 1162 1642 gementes

364 1663 403 1722 Et
424 1663 479 1722 sibi
499 1681 561 1723 non
581 1682 670 1741 aegro
691 1664 750 1722 iam
771 1663 882 1723 dudum
903 1664 1019 1723 credere
1039 1681 1154 1739 corpus.

243 1779 315 1839 Non
329 1778 469 1837 absimilis
484 1778 568 1837 locus
584 1788 628 1837 est
644 1792 699 1853 371
718 1797 781 1855 sqq.
797 1775 883 1836 Mille
894 1780 989 1855 fiuent
1005 1784 1079 1837 artes
1087 1798 1102 1845 ‚·
1123 1784 1176 1835 aut
1193 1778 1290 1836 bellurn

243 1879 364 1936 indicere
377 1878 478 1935 munda
491 1875 536 1935 Et
554 1922 561 1936 .
576 1920 584 1935 .
599 1921 606 1935 .
626 1879 763 1935 uolucrem
773 1888 911 1953 prensare
923 1878 987 1935 Aa!
997 1878 1073 1934 nidis
1086 1878 1210 1935 clamare
1230 1918 1238 1935 .
1259 1920 1266 1934 .
1284 1917 1291 1932 .

244 1976 439 2035 Pascentemue
453 1977 568 2033 ducere:
590 1985 618 2034 et
634 1994 721 2052 quem
736 1994 823 2052 supra
837 1977 959 2034 tractaui
976 1990 1012 2050 27
1017 1995 1034 2050 3
1049 1994 1113 2053 sqq.

286 2074 323 2135 V.
339 2077 480 2150 3⁶1·3⁶4
496 2075 537 2133 sic
551 2073 678 2133 Iacobus
693 2075 782 2133 edidit

367 2185 486 2262 Regalis
507 2195 539 2244 ut
559 2203 632 2262 opes
653 2194 682 2243 et
703 2204 784 2245 sacra
805 2186 915 2244 aeraria
936 2194 1052 2244 seruent

368 2283 539 2361 Regnantes
560 2285 614 2342 sub
636 2302 704 2360 rege
726 2302 789 2356 suo,
811 2301 966 2360 rerumque
986 2281 1117 2353 ministri,

367 2383 566 2460 Tutelamque
587 2393 690 2459 gerant
710 2381 819 2459 populi,
841 2383 1013 2442 domibusue
1036 2380 1170 2457 regendis

368 2481 537 2558 Praepositi,
560 2499 644 2540 curas
665 2481 760 2540 alieno
783 2482 881 2540 limine
903 2479 1047 2539 claudant

289 2600 343 2672 361
357 2607 457 2656 sancta
470 2596 574 2657 Gembl.
587 2597 675 2654 seruit
691 2595 776 2656 Voss.²
809 2600 866 2671 362
881 2613 972 2671 regno
989 2593 1076 2654 Voss?
1111 2596 1179 2669 363,
1192 2597 1251 2670 364
1264 2596 1293 2651 in

246 2697 393 2771 radipert
404 2709 461 2770 374
473 2697 574 2770 scripti
584 2701 656 2753 sunt.
692 2694 849 2752 Reuacauit
858 2693 996 2769 Scaliger.
1027 2696 1086 2768 363
1101 2703 1204 2767 gemnt
1217 2694 1293 2750 codd.

247 2805 349 2868 gerant
378 2794 529 2870 thzofius.
586 2795 643 2868 364
672 2792 772 2851 limine
800 2792 930 2869 Scaliger
954 2792 1062 2851 lumine
1094 2788 1180 2849 Voss.²
1205 2791 1294 2849 limite

250 2889 355 2949 Gembl.
378 2891 463 2949 Van.l
481 2892 548 2952 Cur.
563 2890 700 2949 claudunt
714 2893 789 2950 cedd.
804 2891 939 2949 claudant
959 2890 1110 2967 Withofius.

288 2989 414 3048 Attende
429 2991 582 3066 repetitum
597 2989 682 3048 toties
697 2991 802 3065 regalis
816 2995 962 3065 regnantes
975 3009 1037 3065 rege
1051 2988 1186 3064 regenda.
1215 2986 1295 3046 Con·

247 3087 323 3145 sulto
344 3087 457 3145 uidetur
478 3087 604 3146 factum:
633 3096 662 3146 et
683 3087 723 3146 sic
746 3086 907 3146 Scholiasta
928 3086 1098 3146 Germanici
1119 3085 1296 3144 Arateorum

246 3205 275 3262 p.
291 3188 328 3242 88
345 3184 465 3261 Breysig
483 3184 596 3261 Typhon
613 3187 782 3262 interfiniur
802 3187 832 3242 in
854 3187 948 3261 lemplo
962 3183 1232 3262 Aegyptirlsempln'
1249 3183 1300 3240 ubi

247 3284 377 3360 messuit
388 3285 455 3341 solia
469 3287 546 3359 regr'o
561 3285 691 3342 decorari
698 3304 776 3360 reges
789 3285 842 3360 qui
848 3304 935 3360 regna
946 3286 1049 3340 ineunt.
1083 3281 1140 3339 His
1154 3282 1297 3358 exemplis

247 3383 344 3441 locum
360 3381 577 3442 uexatissimum
592 3382 645 3440 IV.
661 3385 718 3456 687
736 3400 799 3459 sqq.
814 3383 923 3459 poteris
937 3381 1058 3441 fortasse
1073 3381 1114 3439 sic
1128 3381 1284 3440 emendare

576 3480 607 3538 in
629 3499 747 3556 regnum
770 3481 907 3539 florentes
928 3480 987 3538 oris
1008 3478 1152 3551 Athenae,

372 3577 475 3654 Sparta
497 3597 595 3651 manu,
618 3578 740 3638 Thebae
761 3579 845 3650 diuis,
866 3588 895 3638 et
915 3598 979 3655 rege
998 3578 1045 3637 uel
1067 3596 1127 3638 uno

371 3675 511 3752 Princeps
533 3677 581 3735 illa
603 3677 708 3736 domus
731 3676 853 3736 Troiani
875 3681 955 3753 regia
976 3677 1051 3749 belli,

250 3808 319 3849 nam
342 3809 396 3849 nec
422 3789 543 3849 Graecia
566 3791 760 3867 plurimorum
785 3792 919 3852 codicum
945 3810 1000 3850 nec
1021 3793 1123 3867 gratia
1143 3791 1300 3851 Vossiani²

249 3906 352 3948 uerum
363 3899 459 3966 potest
470 3890 635 3951 existimari.
666 3890 775 3951 Sensus
786 3892 838 3951 erit
850 3911 856 3950 :
872 3893 924 3951 illa
936 3891 1032 3951 domus
1042 3893 1122 3967 regia
1130 3889 1301 3949 Atridarum
