2760 4448
632 193 655 240 J
1125 189 1168 258 25

68 427 70 433 ,
115 375 269 429 correctore
289 371 504 445 superscrptueu
523 375 566 427 est
583 371 615 427 in
630 368 745 428 Cusauo
764 375 790 426 el
801 368 949 444 Lpsc'eusi
965 385 1072 445 paruos
1092 367 1169 443 ignis

61 466 63 471 ’
119 465 252 543 Scaliger
260 468 400 544 glomerat
415 467 502 526 Voss.²
512 467 688 544 glomeratur
702 466 843 527 Cusauus.
867 471 925 542 845
938 485 1055 526 menses
1065 466 1168 525 code'ces

111 567 239 642 plerique
251 566 360 625 mensis
382 566 469 626 Voss.²
483 584 592 625 messes
607 566 646 624 ba
660 576 759 625 menta
772 565 923 625 Benlleeus.

160 663 275 723 Locum
288 674 359 742 puto
369 665 414 724 sic
429 665 633 742 retingendum
646 682 711 723 esse

578 761 760 839 Parthosque
781 763 903 839 capillos

241 859 382 920 Mentitus
400 879 502 938 paruos
524 861 605 937 signi
621 861 797 938 glomeratur
818 862 847 920 in
862 863 947 921 orbes

240 958 328 1018 Hirta
350 960 499 1036 figurantis
520 960 642 1019 tremulo
665 961 720 1020 sub
742 959 850 1019 lumine
871 967 979 1020 menta.

96 1128 98 1133 ,
158 1057 260 1116 Meuia
274 1060 333 1116 iam
344 1057 493 1117 Bentleius
507 1058 634 1117 dederat.
665 1058 793 1116 Parthos
807 1069 884 1118 recte
899 1058 1024 1134 explicat
1039 1057 1168 1134 Scaliger

117 1176 154 1215 ex
178 1156 256 1215 Suet.
271 1156 361 1233 Vesp.
383 1176 419 1232 23
434 1176 497 1215 cum
521 1157 600 1215 stella
625 1158 731 1214 crinita
752 1159 782 1214 iu
803 1158 876 1215 caelo
899 1158 1084 1233 apparuisset,
1102 1167 1167 1232 per-

29 1327 35 1335 ·
117 1259 203 1314 lz'nere
229 1253 335 1314 dicebat
360 1257 401 1313 aa'
424 1255 601 1313 Parthorum
627 1274 716 1331 regem
741 1258 795 1331 qui
813 1257 962 1331 capillatus
985 1262 1057 1313 esset.
1109 1255 1167 1313 Sed

118 1355 212 1431 magis
233 1354 353 1413 adrem
375 1370 418 1413 est
439 1353 520 1430 quod
537 1373 575 1412 ex
596 1353 773 1430 Anaglypho
788 1353 1005 1431 Persepolitano
1026 1355 1167 1431 expressit

117 1452 238 1511 Richius
262 1451 433 1528 Compauiou
460 1459 486 1510 to
509 1452 600 1510 Latin
627 1452 800 1525 De'cle'ouary
826 1472 854 1529 p.
877 1456 947 1512 661.
997 1452 1094 1529 Caput
1122 1462 1166 1510 est

116 1551 216 1610 Parthi
237 1550 354 1627 pilleum
376 1569 462 1627 supra
482 1551 576 1609 crines
597 1551 743 1627 gerentis:
766 1551 870 1628 singuli
891 1551 985 1611 crines
1006 1551 1036 1608 in
1057 1551 1164 1608 cirrum

116 1649 303 1708 rotundatum
324 1649 386 1708 siue
411 1650 557 1708 sinuatum
582 1667 613 1708 se
640 1650 801 1725 explicant:
830 1649 976 1710 coniuncti
1001 1658 1100 1709 autem
1124 1650 1166 1707 sic

117 1748 250 1806 diffluunt
263 1759 294 1807 ut
308 1749 466 1826 imaginem
480 1749 644 1825 exprimant
658 1756 799 1809 cometae.

158 1846 182 1906 1.
200 1849 267 1920 846,
285 1860 301 1921 7
317 1847 358 1906 sic
372 1857 472 1906 extant
485 1847 515 1905 in
530 1846 647 1906 Gembl.

240 1946 416 2022 Praecipites
437 1945 536 2005 stellae
556 1945 723 2022 passimque
745 1945 844 2004 uolare
864 1945 1000 2004 uidentur

239 2043 316 2102 Cum
337 2063 413 2121 uaga
433 2062 486 2120 per
506 2044 630 2102 nitidum
651 2044 806 2117 scintillant
826 2044 936 2103 lumina
956 2044 1109 2104 mundum.

158 2144 217 2215 846
239 2144 406 2221 passimque
427 2143 528 2201 uolant
551 2141 636 2202 Voss.2
657 2162 724 2201 nure
749 2161 896 2221 passuque
921 2144 1058 2202 uolente?
1105 2147 1163 2219 847

111 2241 258 2319 liquidum
274 2241 417 2302 Cascam
434 2242 585 2301 Vasse'auis.

156 2340 288 2400 Bentleio
309 2360 338 2400 u.
359 2343 418 2414 846
441 2340 598 2400 mendosus
623 2340 785 2412 uidebatur,
808 2357 874 2398 cum
900 2359 951 2415 que
975 2349 1056 2398 extra
1080 2358 1165 2399 suam

113 2439 215 2499 sedem
235 2439 361 2498 locatum
382 2431 530 2510 iudica‘ret,
546 2439 731 2516 reposuitque
745 2438 949 2514 Praecipiunt.
995 2437 1101 2496 Melius
1122 2458 1166 2498 se-

114 2539 245 2597 cundum
261 2535 355 2610 Vossl,
368 2538 391 2596 si
406 2556 453 2596 me
468 2537 577 2608 audieS,
589 2538 728 2596 scribetur
738 2537 912 2612 Praecipites
924 2538 1017 2594 stellae
1026 2547 1167 2613 passuque

113 2637 223 2693 uolanle
236 2637 375 2708 uelleretur,
392 2635 419 2696 h.
430 2655 454 2695 e.
472 2635 571 2695 stellae
586 2646 744 2694 cernuntur
757 2636 931 2713 praecipites
946 2645 974 2694 et
988 2653 1077 2712 passu
1092 2645 1165 2694 tam-

114 2753 203 2811 quam
218 2735 344 2794 uolente.

13 2898 22 2911 ⁸
154 2832 234 2891 Inter
244 2834 371 2905 netellam,
384 2835 521 2909 liquidum
536 2833 576 2893 sic
587 2833 750 2892 diiudicavit
762 2829 909 2892 Bentleius
919 2843 950 2890 ut
965 2832 1034 2890 illud
1048 2843 1166 2908 propter

42 2974 44 2979 ·
114 2929 209 2989 solam
229 2940 402 2990 uetustatem
421 2929 644 2990 Gemblacensis
666 2932 897 3008 amplecteretur.
938 2931 1005 3006 Ego
1026 2931 1164 3006 liquidum

112 3018 235 3088 malim:¹
254 3047 323 3088 nam
345 3049 405 3107 quo
425 3032 519 3106 magis
540 3030 653 3089 caelum
674 3031 754 3101 nitet,
777 3029 835 3089 hoc
855 3030 952 3089 minus
972 3029 1050 3088 clare
1072 3029 1165 3088 oculis

113 3127 274 3186 offeruntur
283 3129 439 3187 scintillae:
454 3138 557 3188 contra
565 3129 594 3186 in
605 3129 714 3205 liquido
725 3128 806 3187 caelo
817 3128 887 3186 nihil
899 3128 941 3186 eis
952 3129 1044 3186 obest.
1063 3127 1163 3186 Germ.

112 3226 192 3284 Atat.
208 3242 275 3300 455,
292 3229 309 3285 6
331 3227 494 3286 Dissimilis
514 3229 627 3304 queutus
642 3225 779 3307 (circulus
797 3229 857 3285 siue
868 3224 1038 3304 Galaxias)
1054 3227 1164 3302 liquida

110 3325 163 3383 sub
176 3333 251 3383 nocte
264 3327 377 3384 uidetur
390 3325 495 3386 Sidera
509 3345 571 3385 eum
585 3327 708 3384 reddunt
719 3329 839 3384 scaceras
852 3327 959 3383 emtuus
973 3327 1060 3401 egnes.

152 3424 176 3485 Ι.
194 3426 296 3499 867‚8

252 3586 256 3591 ,
279 3523 345 3583 Siue
366 3524 429 3583 illas
451 3533 554 3583 natura
574 3523 652 3583 faces
672 3525 712 3583 ob
733 3534 839 3582 cuncta
859 3523 967 3582 creauit

277 3623 376 3682 Sidera
397 3642 449 3701 per
469 3634 572 3682 tenues
592 3623 673 3682 caelo
695 3622 820 3681 lucentia
840 3621 982 3680 flammas

116 3723 173 3781 Pro
191 3723 224 3780 ab
243 3729 342 3780 cuucta
361 3723 476 3798 corrigo
491 3721 625 3780 obducta:
649 3732 708 3780 tam
736 3720 814 3779 tenui
839 3720 959 3778 flamma
978 3719 1076 3777 lucent
1098 3718 1162 3777 illae

111 3821 188 3882 laces
208 3832 238 3880 ut
256 3821 383 3880 siderum
397 3821 524 3898 speciem
546 3822 704 3898 praebeant
726 3819 777 3879 sed
799 3820 990 3879 obductorum
1012 3836 1046 3877 ac
1067 3835 1161 3905 paene
