2760 4448
251 255 292 339 78
584 270 731 321 Nocens
751 269 1000 321 MANJLJANAE

249 426 280 483 in
300 424 347 482 bo
373 422 507 501 leguntur
533 425 698 502 obsuntque
724 425 812 484 etiam
833 425 871 483 ab
892 423 1067 484 editionibus
1091 425 1290 486 uetustissimis

251 522 437 599 Regiomont.
451 531 480 582 et
493 522 693 599 Neapolitana,
705 522 736 581 in
745 523 944 583 Bonineontrii
957 535 1056 583 tamen
1070 523 1114 583 ed.
1126 526 1197 584 anni
1214 530 1290 599 1484

249 621 290 680 sic
311 621 445 697 leguntur
465 624 602 697 martique
623 623 738 681 locatur.
781 620 856 681 Mox
877 623 908 680 in
931 621 1055 682 editione
1075 623 1144 701 nidi
1166 643 1244 702 1499
1264 634 1292 685 et

251 718 387 779 Romana
410 733 486 793 1510
507 737 615 779 excusa
639 730 706 779 sunt
728 720 778 791 sic,
800 721 932 797 mortique
955 722 1070 780 locatur.
1111 721 1199 782 Haec
1227 722 1292 783 ideo

249 817 487 889 commemoraui,
513 817 581 894 quia
605 818 695 877 uerba
716 836 752 876 ea
779 817 927 878 Bentleius
954 837 1024 878 uera
1046 819 1155 892 habuit,
1180 831 1292 880 mutato

249 917 358 974 locatur
367 915 398 974 in
411 917 531 974 dt'eatur.
565 915 605 974 At
613 925 725 992 poterat
738 918 847 974 locatur
857 915 973 975 defendi
987 936 1024 976 ex
1036 917 1075 976 II.
1085 932 1144 992 459
1146 926 1294 994 pectusque

249 1017 365 1073 locatum
379 1012 439 1072 Sub
456 1013 568 1074 Cancro
580 1020 627 1087 est,
642 1014 697 1073 III.
714 1027 750 1090 75
766 1013 881 1074 Horum
895 1027 1006 1092 operum
1020 1024 1105 1076 sortes
1118 1017 1160 1075 ad
1176 1019 1294 1094 singula

248 1114 333 1188 signa
346 1113 457 1170 locauit.

694 1699 770 1760 LIB.
792 1702 847 1762 III.

290 1906 344 1966 HL
360 1926 421 1983 &4
676 1999 787 2050 uestros
807 1989 964 2050 extendere
984 1990 1058 2052 fines

373 2087 473 2147 Conor
492 2097 522 2146 et
542 2085 678 2164 indignos
699 2088 729 2145 in
750 2089 878 2147 carmine
900 2088 1004 2148 ducere
1024 2098 1134 2148 cantus.

291 2183 342 2243 Sic
367 2176 471 2244 Gemblss
507 2202 525 2256 4
547 2185 652 2261 dignos
674 2184 741 2245 Cur.
764 2205 826 2243 cum
854 2185 995 2253 Vossiom‘s
1015 2186 1143 2263 inriguos
1165 2184 1296 2263 Scaliger

250 2283 375 2342 indictos
396 2283 421 2355 b,
437 2284 556 2358 idemque
576 2303 676 2359 manus
695 2284 827 2341 recentior
841 2285 993 2360 adscripsit
1011 2286 1042 2341 in
1062 2304 1154 2361 marg.
1168 2286 1297 2342 editionis

251 2381 419 2439 Bodleianoe
432 2380 590 2438 Fermicum
611 2401 673 2439 cum
692 2380 818 2438 Manilio
838 2381 962 2440 habentis
980 2383 1107 2441 carmine
1124 2384 1207 2441 etrum
1228 2381 1297 2442 Cus.

251 2486 277 2537 et
295 2476 376 2555 szs.
398 2480 527 2538 carmina
554 2478 640 2537 Voss.²
660 2497 779 2538 carmen
807 2476 891 2538 Voss.1
915 2479 1000 2539 Totus
1020 2499 1047 2538 u.
1070 2482 1111 2538 sic
1130 2487 1212 2560 extat
1231 2482 1262 2538 in
1282 2499 1298 2538 o

251 2577 366 2654 Dignos
379 2584 407 2636 et
421 2595 510 2636 canor
524 2577 554 2634 in
568 2577 675 2637 carmia
692 2578 797 2637 ducere
813 2587 923 2638 cantus.
966 2576 1067 2638 Conor
1081 2588 1110 2638 et
1123 2578 1248 2639 indictos
1266 2579 1297 2637 in

252 2675 381 2733 carmina
395 2675 501 2733 ducere
516 2685 618 2735 cantus
632 2677 657 2735 b.

207 2796 209 2799 ·
294 2771 386 2832 Recte
407 2772 565 2850 Pingraeus
588 2772 763 2849 Scaligerum
777 2772 922 2850 redarguit
942 2773 1136 2850 corrigentem
1157 2774 1296 2850 irriguos.

252 2868 333 2928 Dixit
348 2870 464 2947 quidem
478 2869 616 2930 Manilius
630 2871 670 2929 ΙΙ.
686 2875 712 2943 8,
729 2892 747 2948 9
763 2869 913 2952 (Homeri)
931 2890 970 2930 ex
989 2891 1035 2930 ore
1046 2873 1181 2949 profusos
1198 2872 1297 2931 Omnes

245 2971 396 3045 posteritas
413 2970 506 3028 latr'ces
523 2971 554 3026 in
571 2972 699 3028 cermeria
719 2971 813 3040 duxit,
827 2970 995 3045 omnemque
1012 2972 1042 3027 in
1059 2977 1149 3028 tenues
1169 2990 1239 3029 ausa
1259 2978 1300 3029 est

253 3068 379 3125 deducere
389 3068 467 3125 riuos
474 3089 490 3136 ,·
512 3067 563 3127 sed
577 3067 741 3127 huiusmodi
755 3067 939 3144 metaphorae
953 3067 1035 3128 locus
1050 3068 1096 3127 hic
1110 3086 1172 3127 non
1185 3079 1246 3128 est:
1269 3079 1297 3128 et

253 3166 277 3225 si
290 3166 320 3225 id
333 3165 480 3237 uoluisset,
484 3167 581 3242 scentes
594 3167 689 3242 potius
703 3184 792 3242 quam
801 3173 906 3237 cantus,
918 3167 1064 3242 positurus
1078 3166 1176 3226 fuerat.
1217 3166 1298 3226 Nam

252 3265 333 3342 quod
342 3282 377 3322 ex
386 3263 484 3322 Aetna
494 3267 552 3338 296
564 3263 746 3340 Carmeieeque
755 3266 866 3340 irriguo
875 3266 988 3339 magnis
996 3266 1103 3323 corte'no
1112 3265 1228 3324 theatris
1236 3265 1298 3324 Im-

245 3363 369 3438 parz'bus
382 3381 527 3420 numeroso
545 3364 633 3421 modes
649 3365 727 3421 canit
739 3370 799 3421 arte
812 3365 930 3439 regentes
943 3363 1041 3423 citauit
1061 3363 1197 3441 Scaliger,
1211 3365 1242 3423 id
1261 3365 1299 3423 de

253 3460 332 3519 sonis
346 3460 454 3519 dictum
468 3461 574 3537 estqui
592 3479 629 3518 ex
649 3479 761 3536 organo
780 3460 947 3537 hydraulico
966 3479 1023 3536 ope
1042 3480 1182 3539 aquarum
1202 3463 1299 3540 expri-

254 3568 380 3616 muntur.
420 3556 523 3635 Neque
548 3576 618 3616 uero
642 3568 752 3618 rectum
773 3568 816 3617 est
837 3560 973 3634 indignos,
995 3559 1062 3617 licet
1082 3559 1113 3618 id
1133 3570 1241 3619 tutatus
1262 3562 1299 3619 sit

254 3654 365 3727 Carri0,
381 3656 430 3733 qui
450 3657 559 3732 primus
579 3657 724 3715 reuocauit
742 3655 843 3733 Antiq.
859 3655 940 3715 Lect.
955 3657 972 3716 i.
991 3670 1037 3729 15,
1053 3667 1192 3735 tanquam
1211 3670 1299 3736 poeta

252 3756 460 3813 astronomiam
477 3772 560 3812 suam
573 3755 654 3830 parui
672 3752 777 3813 fecerit.
819 3755 1033 3831 Praeponderat
1051 3755 1096 3814 his
1114 3757 1250 3816 omnibus
1270 3758 1299 3817 id

254 3852 333 3928 quod
345 3852 376 3912 in
390 3843 493 3913 codice
504 3851 665 3911 Bodleiano
676 3850 716 3931 (b)
731 3853 852 3929 repperi,
864 3852 1019 3913 Stoeberus
1034 3864 1130 3913 autem
1145 3873 1181 3914 er
1197 3855 1299 3916 codiee
