2760 4448
611 269 632 317 1
1128 276 1149 341 9

96 443 156 502 ram
167 442 364 521 deprauarunt
377 443 492 503 librarii.
523 443 582 503 Cea
595 446 635 503 sit
638 446 793 521 planetum
803 447 929 504 relictam
940 444 1149 504 Andromedam

98 541 200 602 Germ.
215 541 295 601 Arat.
314 561 382 618 199.

67 709 70 712 ⁴
138 641 163 699 1.
177 643 317 717 361-364
332 641 374 700 sic
387 651 487 700 extant
500 641 531 699 in
544 639 661 701 Gembl.

221 739 302 798 Tum
322 738 419 798 uicina
441 738 536 798 ferens
557 757 635 798 nexo
655 738 777 816 uestigia
799 749 882 800 tauro

220 836 372 897 Enioehus
393 836 489 896 studio
510 837 712 915 mundumque
733 848 763 897 et
783 856 893 897 nomen
915 837 1038 916 adeptus

222 935 321 1008 Quem
342 935 439 1012 primo
459 954 546 994 curru
566 936 738 995 uolitantem
758 937 864 1013 iupiter
884 937 944 995 alto

221 1033 314 1106 Quari
334 1033 409 1109 iugis
429 1033 580 1110 conspexit
601 1035 683 1112 equis
703 1034 843 1110 caeloque
864 1034 998 1094 sacrauit

99 1131 156 1208 361
180 1148 258 1191 nexo
275 1130 342 1191 Cas.
356 1137 383 1189 et
398 1131 529 1190 Vesseam‘
539 1151 600 1190 cum
615 1150 630 1190 0
644 1132 715 1189 nixo
729 1130 807 1192 Scal.
822 1132 899 1191 flexo
913 1133 953 1191 ed.
965 1131 1048 1191 Rem.
1062 1148 1149 1209 1510.

100 1234 159 1306 3⁶3
168 1230 295 1307 primum
306 1231 346 1288 ba
360 1229 530 1288 altocadiees
560 1249 626 1288 num
642 1230 719 1289 alte?
748 1233 807 1305 364
820 1229 1008 1306 Quadriiugis
1015 1233 1150 1309 plerique.

141 1327 259 1406 Optime
283 1327 411 1404 Scaliger
431 1330 505 1388 neae
529 1328 627 1399 edidit,
651 1328 744 1388 citans
769 1329 851 1388 Arat.
877 1331 933 1387 166
958 1332 1017 1404 Πὰρ
1040 1333 1104 1388 ποσὶ
1127 1331 1151 1386 δ’

98 1427 222 1500 Ἠνιόχοα
236 1429 327 1501 κεραὸν
338 1430 471 1497 πεπτηότα
483 1431 583 1501 Ταῦρον
596 1429 742 1486 Μαίεσθαιτ
765 1445 854 1504 quem
867 1426 966 1486 locum
988 1427 1151 1487 Scholiasta

99 1525 141 1584 Sic
155 1524 280 1601 explicat
298 1543 327 1601 p.
343 1527 381 1583 66
396 1522 522 1583 Bekker.
536 1529 667 1596 πεπτηότα
687 1527 729 1581 διὰ
747 1528 777 1582 τὸ
793 1529 869 1583 ποιὸν
887 1528 1045 1598 κατάστημα,
1061 1529 1150 1600 ὥσπερ

97 1623 308 1698 papisticus
335 1625 415 1682 ἐστίν.
469 1622 577 1682 Sedu.
603 1625 662 1698 366
685 1622 793 1683 haereo
816 1625 847 1682 in
872 1625 1034 1684 coniunctis
1053 1626 1151 1701 premo
1239 1689 1241 1693 ,

97 1741 188 1780 curru
208 1723 272 1781 alte.
314 1720 419 1780 Fuitne
437 1722 499 1792 alte,
519 1721 558 1780 ad
578 1723 737 1781 uolitantem
758 1720 964 1782 referendum?
985 1741 1056 1781 nam
1078 1733 1151 1782 teste

100 1819 264 1879 Scholiasta
284 1820 460 1879 Arateorum
482 1819 650 1880 Germanici
666 1822 782 1896 premas
804 1839 921 1879 currum
940 1821 1013 1880 inter
1029 1823 1152 1880 hammes

98 1918 192 1976 doceat
212 1920 288 1994 equis
304 1919 377 1978 albis
399 1920 515 1995 tangere
531 1926 559 1977 et
573 1919 641 1978 seles
661 1919 818 1995 quadrigae
840 1921 957 1978 similem
967 1920 1072 1998 faeere
1085 1922 1151 1996 pri·

97 2035 225 2092 mumque
242 2015 443 2075 Panathenaea
464 2018 657 2076 constituisse.
672 2061 679 2075 .
694 2018 829 2076 ‚de'ce'tem
882 2016 970 2078 Certe
991 2020 1150 2076 uolitantem

98 2117 153 2173 alte
172 2113 330 2174 commode
344 2115 381 2173 de
394 2132 431 2173 eo
445 2116 539 2192 potuit
553 2115 610 2174 dici
623 2116 674 2193 qui
687 2118 804 2191 premas
822 2115 942 2174 Athenis
955 2126 1087 2193 pompam
1107 2119 1150 2174 in·

97 2213 192 2286 duxit,
204 2230 278 2290 quae
291 2213 382 2272 uerba
396 2223 464 2272 sunt
478 2213 595 2272 alterius
610 2213 787 2273 Scholiastae
798 2212 965 2274 Germanici
975 2214 1150 2274 Arateorum

99 2308 141 2392 (s-
159 2330 216 2387 133
233 2309 377 2391 ureystg).

140 2409 164 2468 1.
181 2427 238 2482 412

654 2518 718 2568 tum
738 2509 844 2568 nobilis
864 2510 946 2586 Argo

222 2606 259 2665 In
279 2605 391 2666 caelum
412 2606 555 2667 subducta
575 2608 648 2665 mari
670 2607 749 2684 quod
769 2609 863 2685 prima
883 2609 1008 2667 cucurrit

221 2704 383 2763 Emeritum
404 2705 518 2781 magnis
538 2705 681 2763 mundum
702 2715 780 2764 tenet
800 2716 866 2764 acta
887 2707 1031 2782 procellis.

142 2801 281 2879 Suspicor
294 2822 348 2879 pro
362 2810 425 2861 aeta
440 2804 626 2863 scribendum
645 2822 709 2862 esse
724 2811 791 2880 apte
806 2803 833 2862 h.
846 2823 871 2863 e.
886 2804 1009 2881 adepta:
1033 2805 1074 2864 sic
1090 2808 1145 2864 821

96 2903 175 2962 Acta
188 2903 319 2960 alimenta
333 2920 387 2979 pro
400 2901 480 2979 Apta
493 2912 538 2962 est
551 2902 581 2961 in
597 2901 811 2974 Gemblacensi,
823 2921 848 2960 v.
863 2906 922 2976 448
934 2902 1073 2962 Materies
1086 2910 1150 2964 acta

98 3002 128 3060 in
143 3001 289 3061 omnibus.

139 3099 165 3159 I.
182 3117 322 3174 424-429
338 3099 380 3158 sic
394 3108 493 3159 extant
506 3099 537 3156 in
552 3097 669 3158 Gembl.

590 3215 658 3256 cum
680 3215 796 3273 surgere
818 3206 925 3257 terram

142 3310 201 3371 425
224 3294 363 3355 Cerneret
383 3305 411 3354 et
431 3296 505 3356 uerti
526 3306 659 3354 naturam
680 3296 809 3356 crederet
829 3315 950 3356 omnem

224 3392 377 3453 Montibus
397 3403 484 3472 atque
504 3395 567 3453 aliis
584 3402 724 3471 'aggestos
745 3413 873 3455 crescere
895 3405 1009 3455 montes

221 3491 261 3551 Et
280 3502 342 3552 tam
363 3492 475 3552 uicinos
496 3492 634 3568 fugientia
655 3493 759 3569 sydera
780 3494 868 3553 colles

221 3591 314 3649 Arma
333 3592 524 3669 importantes
545 3601 574 3650 et
594 3601 679 3667 rupta
699 3602 792 3650 matre
814 3602 927 3652 creatos

223 3688 381 3749 Discordes
400 3691 482 3749 uultu
504 3690 705 3767 permixtaque
726 3708 850 3767 corpora
871 3703 977 3768 partus
1043 3698 1045 3706 ’

141 3791 201 3861 426
223 3788 297 3847 alios
318 3788 453 3848 Vesse'am'.
482 3790 560 3868 sert.
575 3789 639 3848 altis
667 3788 732 3848 Sem.
741 3790 799 3866 Ag.
811 3805 869 3866 335
882 3790 936 3849 Vel
951 3807 1019 3850 cum
1033 3800 1149 3850 montes

99 3888 248 3948 montibus
263 3887 328 3947 altis
343 3887 564 3967 superimpositi
580 3898 708 3948 struxere
722 3888 831 3967 gradus
840 3888 988 3949 Trucibus
1001 3889 1149 3949 monstris.
