2760 4448
677 302 701 353 ν
1144 293 1206 357 161

164 457 307 539 (passiue)
328 461 479 540 Syracusis
499 481 631 542 mergere
652 463 680 523 h.
694 483 720 523 e.
739 458 857 542 pessum
879 465 947 525 dare
966 465 1107 526 Athenas.
1148 464 1209 526 Sed

162 560 230 620 uide
245 559 440 620 Thomasium
454 562 492 622 de
506 562 562 622 hoc
577 563 643 623 loco
657 562 848 624 disserentem
862 563 1019 625 Lucubrat.
1034 584 1062 643 p.
1079 566 1107 623 8.

120 783 123 787 ·
204 683 242 745 V·
259 698 296 761 53
605 767 704 818 fortuna

286 842 315 891 et
335 832 366 890 iu
386 843 479 910 ponto
501 834 573 893 caeli
595 853 697 895 secura
718 836 838 895 natabit

164 963 213 1023 Sic
243 963 360 1025 Gembl.
382 965 463 1043 quod
490 984 551 1026 non
579 967 678 1026 inutile
702 968 754 1026 erit
779 977 904 1041 notasse,
929 979 962 1029 ut
991 970 1061 1030 alias
1077 971 1208 1049 fortuna

162 1070 277 1136 nutura,
293 1065 334 1124 sic
348 1065 395 1124 hic
397 1065 535 1144 fortuna,
549 1085 647 1124 securo
660 1067 826 1143 permutari.

204 1195 241 1255 V·
256 1210 294 1272 rr

286 1313 344 1372 Sed
365 1318 504 1378 †summa
524 1315 619 1375 lateris
640 1333 763 1392 surgens
784 1314 821 1374 de
841 1326 929 1393 parte.
944 1315 1052 1374 sinistri

285 1409 434 1472 Maximus
455 1411 557 1472 Orion.
650 1438 653 1445 ·

163 1526 211 1586 Sic
226 1527 343 1612 codices
356 1537 471 1604 praeter
480 1525 581 1587 Voss.²
594 1528 644 1605 qui
656 1535 684 1586 ct
694 1530 759 1588 deus
773 1531 951 1588 malaterrrz'r
965 1527 1060 1600 habet,
1072 1529 1210 1606 idemque

162 1624 220 1684 fere
232 1626 288 1684 sub
297 1643 398 1684 rasura
408 1625 567 1703 Lipsiensis
581 1638 731 1686 exaratum
741 1627 829 1686 fuisse
838 1637 956 1686 testatur
964 1627 1100 1687 lacobus.
1129 1627 1209 1688 Hinc

163 1726 268 1782 decetne
283 1725 407 1784 correxit
422 1725 578 1798 Bentleius,
594 1725 666 1785 haec
684 1727 829 1785 adnotans
844 1727 990 1804 ‘sequitur
1007 1727 1086 1786 enirn
1102 1737 1170 1804 post
1183 1728 1211 1785 iv

163 1834 260 1900 partes
273 1823 304 1881 in
323 1842 410 1883 uersu
431 1844 478 1900 39,
494 1842 566 1883 mox
585 1843 671 1883 uersu
689 1828 725 1900 67
741 1837 870 1901 pars'xv,
886 1836 915 1884 et
934 1844 1022 1884 uersu
1040 1845 1094 1884 102
1116 1845 1166 1898 xx,
1182 1836 1212 1885 et

163 1939 250 1980 uersu
268 1925 323 1980 118
338 1923 425 1995 xxvii,
441 1933 470 1982 et
490 1925 650 1982 uersu128
672 1923 782 1981 ultima.
823 1923 967 1983 Firmicus
988 1924 1076 1983 etiam
1096 1925 1210 1995 deczina,

164 2006 283 2080 notante
303 2021 460 2097 Scaligero.
501 2022 581 2080 Inter
601 2021 629 2078 iv
652 2031 681 2081 et
702 2041 741 2080 xv
764 2032 840 2082 recte
865 2022 945 2082 uenit
969 2021 1090 2081 destina!
1126 2021 1210 2081 Iam¹

163 2118 663 2187 HuurrusinAnimaduersionibus
674 2139 747 2197 quas
758 2120 887 2180 ediderat
896 2122 927 2179 in
935 2120 1074 2197 Delphini
1084 2121 1211 2181 editione

164 2216 276 2276 Manilii
297 2220 417 2293 a1679
439 2218 512 2277 haec
535 2219 688 2294 scripserat
705 2223 791 2278 ‘cum
812 2237 885 2279 uero
907 2220 1050 2278 censuerit
1071 2219 1210 2278 Manilius

164 2335 233 2374 cum
246 2327 348 2392 quarta
356 2317 461 2375 Arietis
475 2327 556 2393 parte
568 2317 675 2375 Nauim
690 2319 897 2390 συνανατέλλειν,
907 2336 975 2376 cum
986 2318 1100 2377 decima
1110 2319 1211 2395 quinta

163 2416 313 2492 Aurigam,
345 2425 433 2492 atque
465 2417 539 2474 inter
567 2427 720 2493 utramque
751 2427 863 2494 partem
891 2414 1035 2475 Orionem
1062 2417 1210 2488 locauerit,

163 2513 295 2572 decimae
323 2513 401 2571 haud
429 2513 516 2573 dubie
544 2514 774 2573 contribuendus
803 2525 855 2585 est,
884 2515 932 2573 cui
963 2533 1031 2574 eum
1058 2515 1211 2592 adscripsit

163 2611 323 2670 Firmicus!
377 2612 418 2671 At
449 2612 485 2670 de
521 2612 634 2671 Huetio
668 2630 705 2671 ne
740 2631 831 2671 unum
866 2614 986 2690 quidem
1020 2615 1144 2673 uerbum
1179 2614 1225 2671 in-

163 2709 288 2769 Bentleii
301 2711 491 2770 adnotatione
506 2711 647 2770 inuenies.
683 2710 774 2769 Cuius
788 2713 812 2770 si
827 2712 924 2788 aliqua
938 2713 1119 2772 mentionem
1134 2711 1212 2784 fecit,

163 2808 334 2886 plemmque
361 2819 411 2868 aut
439 2809 559 2868 doctum
584 2809 733 2885 appellans
763 2828 864 2867 ueram
891 2810 1008 2869 laudem
1038 2811 1112 2870 tollit
1139 2811 1210 2870 doc-

162 2909 263 2980 trinae,
279 2918 328 2966 aut
346 2909 386 2966 ibi
405 2927 473 2966 eum
492 2909 753 2968 commemorando
772 2909 823 2968 ubi
843 2927 946 2969 uerum
968 2908 1094 2968 Huetius
1113 2910 1211 2980 minus

162 3016 359 3082 perspexerat,
382 3007 418 3066 de
450 3006 619 3065 auctoritate
650 3007 712 3066 eius
747 3007 880 3079 detrahit,
916 3017 966 3066 aut
1000 3008 1127 3084 denique
1159 3008 1210 3066 ubi

163 3104 291 3164 Huetius
312 3106 398 3164 unius
418 3105 559 3164 litterulae
580 3106 740 3164 mutatione
756 3106 857 3165 *lucem
874 3106 1046 3179 reddiderat,
1061 3106 1209 3165 Bentleius

162 3213 256 3263 totum
277 3203 374 3263 locum
394 3203 576 3262 immutando
597 3213 626 3263 et
649 3204 822 3279 corrigendo
843 3224 880 3263 ex
901 3205 965 3263 luce
986 3205 1066 3263 dedit
1086 3205 1209 3276 sumum,

161 3305 245 3362 cuius
269 3303 396 3361 notabile
423 3302 590 3378 exemplum
610 3311 657 3361 est
677 3301 715 3359 V.
738 3316 806 3376 707.
862 3303 932 3362 Hoc
955 3303 1118 3362 notandum
1138 3303 1209 3362 duxi

160 3404 232 3481 quia
252 3401 291 3462 ad
311 3401 576 3478 interpretationem
598 3399 710 3459 Manilii
731 3401 803 3459 nihil
823 3401 958 3478 equidem
979 3403 1076 3461 inueni
1098 3401 1209 3462 Huetio

162 3512 213 3561 aut
237 3500 434 3578 perspicacius
458 3509 508 3557 aut
532 3500 649 3558 uberius
673 3508 722 3557 aut
744 3500 823 3576 quod
845 3501 940 3576 magis
964 3500 1102 3558 indicaret
1121 3501 1209 3560 totius

161 3599 358 3661 astronomiae
378 3598 592 3677 peritissimum.

194 3769 204 3800 ¹
222 3770 295 3821 Nihil
305 3769 363 3820 dico
374 3768 405 3818 de
423 3768 547 3827 Reinesio,
559 3767 601 3832 qui
612 3771 695 3817 tamen
710 3765 772 3818 haec
783 3768 826 3817 diu
843 3773 900 3817 ante
912 3775 1038 3818 enotarat:
1057 3769 1078 3816 E
1099 3767 1209 3817 Firmico

160 3836 235 3886 inerit
252 3836 393 3901 legendum,
408 3835 458 3885 Sed
472 3834 565 3884 decima
584 3842 619 3897 (p.
638 3847 667 3898 19
680 3834 834 3898 Appendicis
849 3834 1022 3897 Scaligeranae
1038 3832 1153 3883 editionis
1171 3839 1209 3896 3⁸·

161 3903 222 3953 anni
234 3901 319 3965 1⁶55)-

679 4002 701 4042 tt
