2760 4448
245 308 288 378 52
559 305 708 356 NOCTES
727 305 977 359 MANILIANAE

247 469 378 530 additum
392 476 444 527 est.
486 464 635 526 Bentleius
649 468 731 524 etz‘am
745 466 776 525 in
796 475 823 526 et
834 474 889 527 tota
904 464 1077 526 immutauit.
1118 463 1185 540 Ego
1194 465 1300 523 utrim-

247 590 298 646 que
317 565 511 646 praetulerim,
533 575 565 623 ut
585 565 711 640 primum
732 566 881 642 trigonum
894 566 1000 624 Arietis
1019 565 1130 624 Leonis
1153 563 1301 640 Sagittarii

248 675 413 745 opponatur
427 664 510 723 tertio
524 662 629 722 Librae
644 662 838 723 Geminorum
853 659 983 741 Aquarii,
996 662 1159 722 secundum
1174 671 1299 740 quarto:

248 765 382 844 quamuis
399 763 493 840 spatio
507 762 643 821 exclusus
656 761 693 821 de
714 764 922 839 posterioribus
936 763 980 821 his
1001 763 1071 820 nihil
1089 761 1202 821 dixerit.
1244 759 1303 818 Vel

249 864 388 937 utrimque
415 861 519 919 dicitur
546 860 614 938 quia
642 860 733 920 modo
761 860 837 932 hinc,
864 862 955 920 modo
982 850 1060 920 illir'rc
1088 859 1282 936 inspiciuntur
1293 876 1302 929 ;

248 971 462 1037 utrumcunque
476 957 550 1018 latus
564 959 702 1018 binorum
717 959 898 1035 trigonorum
919 959 1133 1038 contemplatus
1147 958 1212 1032 eris,
1228 957 1304 1016 inter

251 1077 283 1118 se
297 1059 510 1136 repugnabunt.

293 1157 332 1216 II.
348 1172 407 1232 530

375 1255 490 1315 Idcirco
512 1263 541 1315 et
561 1253 668 1312 cedunt
688 1253 824 1330 pecudes,
845 1254 926 1333 quod
946 1256 1054 1314 uiribus
1074 1253 1180 1332 amplis

375 1353 539 1413 Consilium
560 1363 605 1411 est
626 1353 730 1411 maius
1267 1347 1269 1350 ’

252 1454 306 1530 qui
329 1472 344 1511 o
371 1471 425 1530 pro
449 1454 528 1530 quod,
550 1452 578 1510 h.
600 1469 625 1509 e.
647 1451 734 1528 quia:
767 1452 952 1529 praetulerim
973 1451 1032 1513 hoc
1056 1452 1082 1512 si
1108 1451 1227 1511 faueant
1258 1450 1308 1511 alii

253 1552 379 1623 codices,
396 1552 433 1611 de
448 1552 555 1628 quibus
569 1549 642 1608 nihil
656 1549 728 1608 dum
741 1551 924 1627 exploratum
937 1560 990 1611 est.

184 1680 189 1692 ·
295 1651 335 1710 11·
351 1666 410 1725 533

377 1749 445 1825 Ipse
467 1766 538 1808 suae
559 1746 648 1824 partis
671 1744 835 1806 Centaurus
857 1758 971 1825 tergore
992 1748 1077 1808 cedit.

188 1871 190 1875 ⁷
295 1847 389 1906 Recte
411 1846 524 1905 uidetur
540 1845 695 1905 Stoeberus
710 1846 766 1904 hoc
783 1856 885 1906 contra
899 1846 1101 1906 Bentleianum
1108 1847 1199 1925 serae
1209 1848 1309 1925 partis

255 1946 337 2005 tueri.
380 1944 543 2005 Centaurus
567 1944 628 2003 siue
650 1943 820 2020 Sagittarius
841 1946 888 2004 hic
909 1957 941 2004 ut
962 1946 1054 2005 maior
1074 1945 1222 2006 inducitur
1241 1957 1309 2023 post

152 2066 154 2071 ⁸
257 2044 389 2104 Leonem
403 2053 431 2103 et
445 2043 590 2103 Arietem:
611 2044 708 2118 itaque
722 2041 788 2119 Ipse
802 2063 868 2101 suae
887 2044 1019 2102 additum
1033 2053 1093 2103 est:
1115 2045 1188 2102 cedri
1202 2050 1312 2120 tergore

256 2163 323 2201 suae
335 2144 434 2219 partis
448 2151 492 2200 est
506 2142 671 2201 cessionem
685 2141 755 2200 facit
769 2141 829 2202 siue
844 2143 986 2203 renuntiat
1004 2143 1112 2218 tergori
1126 2142 1208 2221 quod
1221 2143 1310 2202 habet

257 2251 400 2318 tanquam
424 2240 547 2299 ferinam
567 2249 680 2317 partem
705 2257 774 2299 suae
796 2250 936 2299 naturae:
966 2259 1026 2317 qua
1050 2251 1132 2319 parte
1153 2259 1247 2320 equus
1269 2250 1312 2300 est

247 2339 329 2398 nihil
352 2339 408 2398 sibi
425 2347 549 2417 arrogat.
594 2339 704 2414 Tergur
719 2359 787 2397 suae
798 2341 897 2415 parui
916 2339 1021 2398 dicitur
1034 2348 1132 2417 tergus
1148 2340 1180 2398 in
1194 2358 1255 2428 quo
1270 2348 1313 2399 est

256 2455 324 2515 pars
339 2456 392 2496 sur.

301 2536 341 2595 11.
358 2552 425 2612 541,
442 2555 458 2594 2
476 2536 517 2595 sic
531 2535 648 2595 tradunt
662 2535 787 2599 codices.

383 2634 530 2711 Lanigero
546 2634 652 2711 genitis
673 2632 783 2693 bellum
803 2644 847 2694 est
868 2652 936 2694 eum
956 2635 1069 2712 uirgine
1090 2636 1166 2695 natis

382 2732 422 2791 Et
442 2732 514 2791 libra
534 2733 644 2808 gemini
665 2733 762 2809 pisces
782 2751 857 2810 quos
878 2732 991 2810 pertulit
1012 2734 1100 2794 unda.

304 2845 360 2905 541
378 2832 472 2908 gentis
490 2830 596 2891 Gembl.
637 2841 680 2890 est
694 2851 745 2891 om.
762 2831 898 2891 Vossz'am'.
941 2845 998 2905 542
1015 2831 1084 2890 luna
1102 2828 1190 2892 Voss?
1202 2833 1312 2910 gemitu

261 2949 276 2988 o
299 2930 414 3007 ‘pisces
443 2949 482 2988 ex
509 2930 596 3007 piscis
606 2927 643 3010 (i)
661 2932 740 3010 scri!
755 2941 805 3006 pr.
822 2949 859 2989 m.
874 2927 1119 3010 (Gemblacenszi)'
1148 2931 1313 2992 Ibomasius

262 3028 378 3105 pertulit
397 3026 501 3086 Gembl.
518 3027 585 3088 Cur.
604 3029 735 3088 Vosszizni
745 3029 863 3105 protulit
876 3028 928 3090 ob.

303 3127 340 3185 In
361 3126 407 3186 his
427 3144 476 3185 uu.
489 3126 628 3187 Manilius
649 3127 803 3187 exordium
823 3126 892 3186 iacit
912 3127 1125 3187 inimicitiarum
1146 3145 1221 3207 quas
1242 3129 1315 3189 inter

263 3244 295 3284 se
316 3225 452 3302 priuatim
473 3235 579 3302 gerunt
600 3226 711 3299 sidera;
732 3244 809 3303 quae
830 3226 972 3303 digressio
993 3228 1145 3304 usquead
1167 3231 1228 3304 569
1247 3246 1314 3307 pro-

264 3324 386 3383 ducitur.
428 3324 508 3384 Dicit
527 3335 625 3385 autem
641 3340 708 3400 551,
726 3344 741 3382 2
759 3323 853 3384 Leoni
867 3343 1041 3385 communes
1055 3325 1155 3386 hostes
1168 3344 1234 3386 esse
1249 3345 1314 3387 cum

263 3424 372 3483 Ariete.
425 3422 560 3483 Similiter
582 3427 722 3499 560-563
745 3424 825 3483 addit
847 3423 1028 3501 Sagittarium
1050 3434 1080 3484 et
1101 3423 1316 3501 Capricornum

264 3539 438 3581 communes
458 3521 559 3582 hostes
579 3522 694 3594 habere,
714 3522 848 3582 uidelicet
865 3522 1008 3583 Geminos
1029 3521 1149 3582 Libram
1163 3523 1316 3600 Virginem

264 3621 435 3696 Aquarium.
478 3621 520 3679 Hi
539 3621 627 3698 igitur
645 3621 786 3697 quoniam
809 3621 965 3699 Sagittario
984 3631 1013 3682 et
1032 3621 1216 3699 Capricorno
1237 3640 1317 3682 com-

265 3720 391 3777 muniter
406 3729 546 3795 tanquam
565 3719 664 3778 hostes
681 3719 879 3796 adsignantur,
892 3738 954 3780 non
973 3729 1098 3798 possunt
1118 3720 1207 3779 iidem
1226 3721 1318 3781 Arieti

266 3826 294 3874 et
328 3815 422 3876 Leoni
455 3818 611 3894 adsignari.
666 3817 769 3896 Itaque
802 3821 909 3879 errauit
942 3817 1091 3880 Bentleius
1126 3834 1195 3894 541,
1231 3839 1248 3880 a
1278 3821 1317 3879 sic

266 3915 467 3974 emendando-
