2760 4448
682 282 710 332 ν
1155 270 1215 334 181

164 452 220 505 ¹est.
262 443 407 503 Nimirum
422 461 484 502 non
498 440 534 502 de
547 441 611 502 foro
625 440 801 519 litigantium
814 441 860 501 uel
876 442 930 502 alia
948 441 988 502 ibi
1007 442 1125 519 negotia
1142 451 1217 502 trac-

169 543 290 602 tantium
304 542 351 601 hic
367 542 467 619 agitur,
484 540 536 600 sed
551 541 588 599 de
603 558 709 600 uenere
723 552 752 599 et
766 540 836 599 uino
851 551 880 599 et
894 541 1000 599 horum
1016 541 1122 600 comite
1142 540 1217 601 alea.

169 640 277 700 Forum
291 641 376 718 igitur
390 650 434 698 est
450 639 548 698 tabula
563 639 679 710 lusoria,
694 655 782 715 quam
798 641 880 714 ponit
897 640 927 696 in
947 657 1081 698 mensam
1102 639 1162 698 otio
1182 656 1217 699 ac

167 737 244 798 lusui
264 738 427 815 indulgens,
469 737 581 796 Seneca
595 737 633 796 ad
646 736 748 812 Polyb.
764 736 799 796 de
815 736 934 796 Consol.
948 738 1014 795 xvii.
1031 734 1079 816 (C.
1097 732 1217 816 Caesar)

168 840 199 894 in
221 837 334 896 Albano
356 856 407 894 suo
430 838 539 895 tesseris
562 855 597 893 ac
612 835 686 910 faro
714 842 740 893 et
762 837 942 910 †peruocatis
967 833 1071 914 (pyrgo
1096 836 1217 912 talisque

171 932 313 1014 Gertaeus)
341 943 368 994 et
389 935 551 993 huiusmodi
571 935 639 992 alei's
662 935 884 1009 occupationibus
907 935 1082 993 acerbissimi
1095 935 1217 1010 funeris

166 1035 292 1093 eleuabat
299 1035 384 1092 mala.
410 1032 533 1093 Ouidius
545 1031 576 1089 P.
587 1033 621 1090 iv.
636 1051 661 1090 2.
674 1050 722 1105 41,
735 1050 771 1103 42
787 1051 835 1090 nec
848 1035 945 1090 uinum
960 1053 1008 1091 nec
1021 1052 1063 1091 me
1075 1039 1145 1091 tenet
1155 1033 1216 1090 alea

155 1134 275 1213 fallax,
290 1133 352 1190 Per
365 1152 434 1208 quae
446 1132 519 1190 clam
533 1133 648 1189 tacitum
662 1137 765 1206 tempus
780 1132 857 1190 abire
870 1134 943 1191 solet.
985 1132 1063 1191 Suet.
1079 1130 1181 1191 Claud.
1197 1145 1215 1205 5

166 1233 304 1291 ebrietatis
317 1250 419 1307 quoque
431 1236 457 1288 et
468 1230 544 1288 aleae
557 1231 709 1307 r‘nsami'am
722 1230 815 1288 subiit.
857 1229 997 1290 Menand.
1010 1230 1043 1289 fr.
1054 1249 1112 1306 914
1128 1227 1216 1289 Kock

166 1334 242 1388 moral
256 1334 378 1402 ξυνεχεῖς,
392 1329 479 1403 κύβοι..

208 1427 271 1487 Sua
291 1429 384 1504 detque
404 1427 466 1485 siue
486 1437 518 1484 ut
537 1426 585 1485 alii
606 1426 692 1485 codd.
706 1427 860 1503 suadetque,
878 1426 1005 1504 Scaliger
1021 1429 1052 1485 in
1066 1447 1093 1485 se
1106 1428 1212 1503 datque,

165 1526 293 1586 Iacobus
314 1526 344 1583 in
365 1545 418 1583 sua
439 1527 538 1600 datque
558 1525 692 1584 correxit.
735 1525 891 1584 Stoeberus
910 1544 947 1583 ex
963 1526 1093 1584 Parisino
1114 1525 1215 1584 codice

166 1625 207 1701 (et
219 1626 259 1683 sic
268 1625 297 1702 b)
308 1625 399 1681 madet
411 1631 491 1698 atque
505 1623 602 1693 edidit,
614 1624 723 1695 melius,
736 1624 849 1698 opinor,
861 1624 1037 1700 repositurus
1049 1625 1214 1698 maduitque.

168 1723 226 1781 Sed
235 1723 372 1781 omnibus
381 1720 425 1779 his
434 1721 657 1798 praeferendum
666 1722 763 1779 iudico
773 1720 975 1780 Bentleianum
983 1724 1110 1779 suadente
1118 1741 1128 1779 .·
1143 1738 1214 1780 narn

166 1823 359 1896 neandrasque,
374 1820 454 1896 quod
475 1840 511 1879 ex
534 1818 621 1879 Mart.
635 1821 680 1879 vii.
700 1833 744 1894 72.
763 1823 780 1877 8
796 1819 936 1878 Mandris
956 1829 982 1879 et
1000 1823 1087 1879 uitreo
1107 1822 1215 1879 latrone

165 1922 255 1981 clusos
274 1920 441 1996 explicatur,
457 1918 572 1995 longius
593 1919 701 1977 recedit
723 1938 741 1977 a
761 1919 860 1977 litteris
881 1918 998 1978 Gembl.
1017 1929 1046 1979 et
1067 1921 1213 1978 bonorum

166 2019 309 2077 codicum.
340 2018 430 2091 Quod
445 2018 475 2074 in
491 2037 549 2092 324
565 2037 612 2077 are
625 2037 661 2076 ex
676 2017 750 2077 coni.
761 2017 844 2093 posui
856 2014 902 2096 (r)
915 2016 972 2076 hoe
986 2037 1022 2076 ex
1038 2021 1098 2110 irae
1109 2018 1213 2077 eodem

1068 2115 1079 2147 2

166 2165 256 2225 modo
276 2164 424 2241 corrumpi
440 2165 605 2242 potuitque
620 2163 770 2223 inAuian.
785 2163 855 2224 Fab.
872 2165 978 2226 xxxvii.
995 2167 1117 2237 Sabure,
1133 2184 1177 2224 xv.
1195 2183 1209 2222 2

166 2266 246 2323 inim
265 2262 311 2322 uel
324 2264 398 2321 enim
411 2281 465 2340 pro
478 2264 509 2321 in
523 2282 573 2321 era
588 2273 738 2322 exaratum
753 2272 806 2322 est.
847 2261 886 2322 Et
902 2263 944 2323 sic
958 2262 1110 2322 Vossiani²
1124 2263 1211 2322 lectio

164 2435 246 2486 artor
259 2426 425 2503 explicatur,
435 2426 463 2485 h.
474 2446 499 2486 e.
512 2375 572 2485 bbere
582 2423 629 2507 (a)
638 2425 732 2504 potuit
744 2426 800 2485 dici
815 2445 928 2485 scaenae
936 2445 982 2484 ore
993 2429 1103 2486 mollior
1112 2431 1120 2458 ‘
1129 2444 1213 2486 more

165 2525 274 2585 mobile
288 2525 358 2584 than
372 2525 421 2583 the
436 2525 560 2585 features
578 2525 614 2583 of
627 2524 675 2584 the
690 2525 789 2600 stage,'
804 2526 853 2602 qui
868 2543 972 2584 omnes
987 2525 1116 2584 adtectus
1130 2525 1213 2584 uultu

164 2624 306 2700 exprimit.
347 2623 467 2696 Quintil.
492 2624 514 2681 Ι.
539 2642 584 2681 11.
611 2641 623 2681 1
654 2622 791 2681 Dandum
819 2624 931 2699 aliquid
954 2625 1073 2681 comoedo
1100 2643 1213 2699 quoque,

164 2724 230 2780 dum
245 2729 361 2793 eatenus,
375 2741 431 2797 qua
445 2723 655 2797 pronuntiandi
664 2725 805 2780 scientiam
814 2723 944 2799 futurus
957 2729 1053 2780 orator
1068 2724 1213 2782 desederat.

165 2841 212 2878 nec
240 2821 311 2879 uitia
336 2821 474 2878 ebrietates
497 2821 617 2897 effingat
635 2839 682 2877 nec
703 2822 805 2878 seruili
823 2821 980 2878 ueruilitate
1001 2821 1145 2879 imbuatur
1165 2839 1214 2879 uec

164 2921 271 2977 ameris
294 2919 436 2976 auaritiae
458 2925 543 2976 metus
565 2919 657 2975 diseat
679 2918 816 2996 aeffectum
842 2958 879 2976 ..
901 2960 909 2978 .
930 2919 1095 2976 Plurimum
1121 2927 1213 2977 tamen

166 3013 286 3097 (orator)
300 3018 391 3076 aberit
408 3037 427 3075 a
447 3018 570 3074 scaenica
590 3035 637 3073 nee
657 3018 737 3074 uultu
757 3037 804 3074 nec
826 3035 911 3074 manu
932 3036 979 3074 nec
998 3016 1212 3076 excursionibus

164 3117 279 3174 nemius.
321 3114 388 3174 Sen.
403 3114 495 3192 Epist.
510 3115 537 3171 ii.
554 3134 571 3187 4
592 3115 669 3172 nibil
686 3121 748 3172 erat
766 3116 876 3172 mollius
897 3133 943 3172 are
962 3114 1110 3191 Pompeii:
1139 3134 1210 3173 nun·

163 3233 248 3291 quam
263 3232 316 3271 nen
330 3233 425 3271 eoram
439 3213 574 3289 pluribus
587 3211 684 3270 rubuit
702 3212 757 3270 alia
777 3211 996 3289 significatione.
1039 3213 1108 3290 Ipse
1122 3211 1210 3271 Man·

165 3310 232 3368 ilius
246 3310 283 3370 de
297 3311 431 3371 scaenico
447 3330 506 3386 3²4
521 3312 670 3389 referetque
683 3311 824 3388 affectibus
838 3329 898 3369 ara.

205 3408 242 3468 V.
258 3423 317 3484 325
332 3427 397 3486 sqq.
413 3410 452 3468 sic
467 3417 568 3468 extant
582 3410 612 3466 in
627 3407 743 3467 Gembl.

286 3507 373 3566 Nunc
395 3518 530 3584 surgente
550 3508 611 3583 lyra
632 3507 782 3566 testudinis
802 3516 900 3565 enatat
921 3506 1007 3566 undis

286 3605 393 3666 Forma
413 3626 465 3683 per
486 3607 623 3665 heredem
644 3617 756 3665 tantum
777 3605 856 3683 piata
877 3601 1030 3682 (praefata)
1052 3606 1183 3665 sonantis

286 3704 354 3777 Qua
375 3705 524 3782 quondam
545 3705 732 3780 sonitumque
753 3703 846 3762 ferens
868 3720 904 3763 oe
925 3704 1022 3779 graius
1044 3703 1181 3781 Orpheus

285 3803 323 3862 Et
344 3821 445 3861 sensus
466 3804 593 3880 scopulis
614 3813 642 3862 et
663 3803 742 3862 siluis
763 3801 874 3860 addidit
893 3820 979 3859 aures

285 3901 323 3963 Et
345 3901 395 3961 diti
417 3901 559 3963 lacrumas
582 3911 609 3961 et
630 3903 715 3965 morti
738 3901 861 3978 denique
883 3899 980 3960 finem.
