2760 4448
675 243 714 292 II
1152 269 1155 276 ·
1175 247 1218 310 49

162 404 270 463 urbes?
314 421 370 475 421
387 404 429 462 sic
439 402 543 474 ¹codices
551 409 665 479 praeter
679 401 695 460 b
709 421 724 459 0
739 401 933 479 Aestiuosque
948 401 1009 462 dies
1023 411 1128 480 aequat
1141 403 1181 461 bo
1194 407 1222 461 et

162 502 204 562 ed.
223 501 307 561 Rom.
332 515 411 575 1510
430 499 625 576 Aestiuosque
646 501 708 560 dies
729 519 861 579 aequans
881 500 1039 562 Breiterar.
1081 520 1138 575 422
1161 501 1218 560 dis·

163 600 275 673 cordiat
291 588 317 668 ἕ
334 617 446 658 annum
465 597 531 678 (sic)
555 597 641 657 Voss.1
1005 673 1007 677 .

205 697 297 771 Quod
324 697 456 774 plerique
484 696 570 756 codd.
595 696 704 755 habent
731 697 875 774 nudusque
898 699 929 755 in
952 698 1065 757 collibus
1087 698 1170 769 orbis,
1194 697 1219 756 si

162 796 201 856 de
233 795 387 855 hominum
418 795 606 855 uniuersitate
638 794 748 854 dictum
779 807 831 866 est,
856 796 930 855 mira
965 815 999 855 ac
1033 797 1082 854 uix
1115 794 1220 855 Latina

164 894 280 954 uidetur
301 894 419 963 locutio,
443 912 512 953 cum
540 893 683 969 significet
709 892 844 952 homines
871 895 967 953 nudos
992 913 1062 972 prae
1082 904 1164 953 aestu
1187 895 1218 951 in

163 993 287 1054 collibus
319 993 427 1070 ubique
457 991 595 1064 exerceri,
624 1002 695 1069 puta
727 992 801 1051 uites
835 991 882 1052 uel
913 993 994 1052 oleas
1029 992 1160 1052 curando
1191 1002 1219 1050 et

163 1090 313 1151 metendo.
357 1089 454 1168 Opem
484 1090 548 1148 tulit
576 1088 723 1149 Bentleius
747 1090 851 1149 solibus
876 1090 1048 1151 scribendo:
1082 1090 1162 1168 quod
1187 1099 1219 1148 ut

164 1178 213 1248 ad'
226 1188 399 1248 sententiam
418 1189 572 1266 optimum,
590 1188 629 1247 ita
650 1187 687 1247 ad
707 1188 815 1247 litteras
834 1190 984 1248 reuocanti
1004 1190 1145 1248 incertum
1166 1198 1219 1247 est.

163 1288 264 1347 Etiam
284 1287 332 1346 hic
354 1287 431 1346 orbi's
450 1296 564 1364 poterat
584 1305 622 1346 ex
642 1286 723 1345 urbis
743 1289 900 1364 corrumpi,
918 1288 991 1347 sicut
1011 1287 1084 1346 inira
1101 1300 1156 1361 772
1173 1287 1220 1345 Ac

163 1389 241 1445 uelut
252 1388 283 1444 in
296 1386 382 1444 nudzi
399 1391 573 1462 consurgunt
589 1386 726 1444 montibus
744 1386 831 1457 orbes,
845 1385 896 1444 ubi
913 1385 1010 1444 nullus
1029 1385 1123 1445 codex
1138 1385 1219 1443 urbes

162 1485 279 1543 uidetur
287 1493 441 1562 praestare.
472 1483 534 1542 Sub
544 1481 661 1543 Cancro
673 1483 843 1542 deseruntur
853 1485 948 1557 urbes,
960 1483 1051 1544 colles
1065 1494 1218 1562 petuntur;

164 1584 245 1643 Italis
259 1582 346 1641 hodie
361 1581 465 1641 dicitur
479 1583 690 1658 valleggiatura.
731 1582 845 1641 Eodem
860 1593 992 1660 tempore
1007 1583 1037 1642 in
1051 1583 1172 1643 collibus
1187 1583 1220 1641 fit

162 1682 321 1749 uindemia‚
342 1691 372 1739 et
395 1681 542 1740 nudantur
562 1690 641 1739 artus
663 1682 855 1758 operantium.
893 1682 984 1753 Quod
1005 1682 1029 1741 si
1050 1682 1115 1760 quis
1135 1691 1167 1739 ut
1187 1683 1219 1739 in

164 1795 223 1857 772
239 1789 355 1838 montes
370 1780 444 1837 nudi
459 1778 600 1851 dicuntur,
616 1779 658 1837 sic
676 1779 708 1836 in
723 1797 783 1851 420
796 1781 881 1838 nudis
894 1783 926 1838 in
939 1781 1052 1839 collibus
1066 1780 1220 1857 praeferat,

162 1879 266 1938 tralata
279 1877 384 1938 caloris
403 1877 613 1953 significatione
630 1894 648 1935 a
666 1877 805 1937 membris
822 1878 1063 1938 uindemiantium
1077 1879 1115 1937 ad
1129 1878 1219 1938 colles

163 1979 214 2055 qui
233 1977 369 2035 umbram
386 1985 504 2052 negant,
519 1993 557 2033 ne
577 1975 607 2034 id
621 1975 741 2052 quidem
760 1977 955 2052 repudiarim;
980 1987 1080 2054 estque
1097 1977 1219 2053 propius

163 2075 321 2135 adductus
337 2074 498 2133 litterarum
515 2074 651 2150 nudaque
658 2094 674 2142 ;
699 2075 752 2134 sed
768 2074 860 2135 multo
879 2076 918 2135 ad
933 2094 995 2134 rem
1009 2075 1218 2151 significantius

162 2175 313 2250 nudaeque.

203 2290 233 2331 u.
250 2288 305 2344 421
332 2279 410 2330 recte
434 2270 610 2329 tradiderunt
633 2290 648 2328 o
671 2281 700 2329 et
722 2270 767 2329 ed.
789 2269 935 2341 Romana,
956 2290 1052 2349 neque
1077 2290 1152 2349 opus
1172 2281 1217 2332 est

162 2371 332 2431 coniectura
348 2367 477 2429 Breiteri.
513 2367 632 2428 Nouam
647 2369 822 2429 sententiam
836 2370 950 2430 induxit
963 2380 1060 2447 poeta,
1072 2388 1132 2429 non
1141 2388 1218 2448 quae

162 2487 216 2548 per
231 2467 414 2546 participium
429 2467 518 2544 priori
532 2468 760 2528 subnecteretur.

207 2565 265 2626 Sed
286 2582 314 2624 u.
337 2584 394 2639 422
416 2566 560 2623 dricordat
578 2572 604 2624 et
622 2585 729 2624 annum
753 2585 808 2644 pro
829 2567 995 2627 discordem
1017 2567 1084 2627 lacit
1105 2585 1217 2626 annum

162 2666 213 2724 uix
242 2673 338 2742 potest
365 2680 468 2722 uerum
496 2681 569 2736 esse,
591 2664 705 2723 etiarnsi
727 2665 799 2723 nihil
823 2685 860 2724 ex
882 2665 979 2726 Voss.¹
1003 2665 1133 2726 elicitur:
1162 2667 1216 2724 dis·

161 2764 283 2823 cordare
301 2761 380 2821 enim
407 2770 437 2820 et
461 2763 628 2820 concordare
650 2763 697 2821 alii
721 2765 888 2825 neutraliter
909 2775 1022 2824 tantum
1045 2773 1216 2842 posuerunt.

161 2861 204 2920 Vt
229 2861 260 2920 in
285 2879 342 2936 493
366 2862 492 2919 antinum
512 2879 566 2938 pro
587 2862 708 2934 antinus,
732 2863 773 2921 sic
797 2873 825 2921 et
848 2862 895 2923 hic
919 2883 1025 2922 annum
1048 2882 1101 2940 pro
1123 2882 1217 2921 annus

161 2959 267 3019 uitiose
293 2958 430 3018 traditum
457 2968 537 3035 puto.
594 2958 659 3020 Nee
688 2971 785 3019 tamen
816 2961 948 3021 absimile
976 2971 1021 3021 est
1048 2963 1217 3038 declinatque

161 3059 233 3117 diem
257 3070 313 3133 797
324 3075 333 3129 ;
361 3074 432 3116 nam
452 3056 517 3116 aliis
541 3057 604 3118 dies
630 3059 774 3119 declinare
796 3060 909 3120 dicitur.
959 3060 998 3119 Et
1021 3063 1079 3136 635
1101 3060 1217 3119 thcor-

161 3158 234 3215 dant
259 3156 322 3213 illos
351 3165 396 3214 est
422 3156 453 3214 in
481 3175 505 3229 o,
535 3175 706 3234 quanquam
735 3157 890 3217 Manilium
916 3159 960 3219 sic
988 3160 1138 3236 scripsisse
1166 3159 1215 3217 uix

161 3252 345 3314 crediderim.

203 3351 244 3411 11.
262 3354 402 3425 444-446

285 3447 452 3509 Venantem
473 3449 570 3511 Diana
590 3453 685 3512 uirum
707 3453 758 3513 sed
779 3454 868 3530 partis
888 3454 1014 3531 equinae

204 3559 264 3620 445
286 3545 384 3624 Atque
405 3560 530 3625 angusta
550 3549 630 3610 fouet
652 3551 822 3629 Capricorni
844 3552 940 3611 sidera
954 3551 1044 3611 Vesta

285 3645 325 3704 Et
345 3647 426 3707 Iouis
445 3648 569 3709 aduerso
591 3650 711 3710 lunonis
733 3650 879 3728 Aquarius
900 3661 1009 3710 astrum
1030 3659 1083 3710 est.

202 3743 330 3805 aduerso
343 3743 448 3806 Gembl.
463 3746 530 3806 Cur.
541 3750 622 3825 Lips.
639 3750 769 3808 Vossz'anz'
779 3749 932 3808 aduersum
943 3749 984 3808 bo
998 3755 1025 3807 et
1035 3750 1075 3806 ed.
1086 3747 1215 3806 lllolz'nzi'.

204 3841 335 3921 Scaliger
349 3844 383 3903 E
393 3844 473 3904 Iouri
486 3848 603 3907 aduerso
618 3847 707 3907 edidit
720 3858 749 3907 et
764 3850 805 3909 sic
822 3848 975 3925 explicauit
991 3848 1152 3925 ‘Aquarius
1169 3857 1215 3906 est

679 3966 697 4006 u
