2760 4448
598 228 634 279 11
828 278 831 285 ,
1097 235 1140 301 43

91 380 223 444 sinistras
236 394 331 459 uocat,
345 384 427 444 uultu
446 383 485 445 ad
504 385 706 458 meridianum,
721 401 810 465 quem
827 386 943 465 respicit
957 385 1142 464 Astrologus,

92 491 122 541 et
146 481 264 543 Zodiaci
288 483 491 561 hemicyclium
515 501 604 561 supra
631 484 824 546 Horizontem
850 496 954 545 extans
978 483 1140 545 conuerso!
1205 532 1211 539 .

91 579 201 640 Addita
214 601 261 640 ceu
275 582 414 660 particula
429 582 572 660 significat
586 601 705 642 causam
718 601 781 643 non
795 601 832 644 ex
846 603 943 642 rerum
952 595 1056 643 natura
1066 582 1142 655 duci,

92 678 146 738 sed
173 679 242 740 artis
263 690 293 740 et
314 681 396 760 quasi
421 681 624 759 imaginariam
651 699 726 742 esse.
767 682 870 760 Itaque
893 691 970 742 totus
994 682 1078 742 locus
1100 681 1143 741 sic

92 776 199 836 euadet

176 874 303 953 Laniger
322 895 358 937 ex
380 878 501 954 paribus
522 876 621 955 spatiis
642 876 701 936 duo
723 877 815 955 signa,
838 877 949 938 Leonis

175 971 273 1052 Atque
295 975 439 1053 Sagittari,
462 976 576 1036 diuerso
598 975 740 1053 conspicit
762 986 837 1036 ortu.

176 1070 305 1149 Virginis
327 1084 356 1133 et
376 1073 469 1133 Tauri
490 1074 673 1152 Capricorno
694 1085 838 1134 consonat
858 1085 977 1135 astrum.

177 1168 281 1230 Cetera
303 1182 372 1231 sunt
392 1171 477 1231 simili
498 1173 610 1232 ratione
631 1171 776 1248 triangula
797 1173 890 1250 signa,

177 1269 234 1329 Per
254 1269 375 1330 totidem
396 1280 489 1330 tortus
509 1271 554 1330 bis
576 1280 643 1329 sunt
664 1289 740 1349 quae
762 1271 880 1331 condita
901 1271 1021 1331 mundo.

178 1365 238 1449 Sed
258 1368 413 1427 discrimen
434 1368 504 1428 erit:
526 1368 633 1428 dextris
654 1386 707 1427 ceu
729 1387 826 1442 causa,
849 1370 963 1429 sinistra

178 1464 263 1538 Quae
284 1465 425 1539 subeunt;
447 1485 521 1544 quae
542 1465 720 1543 praecedunt
741 1466 843 1527 dextra
863 1474 927 1527 esse
949 1467 1085 1527 feruntur.

177 1562 287 1622 Dexter
307 1565 362 1624 erit
382 1563 485 1625 Tauro
506 1563 712 1641 Capricornus,
727 1561 822 1642 Virgo
842 1566 968 1626 sinistra.

179 1661 248 1721 Hoc
269 1663 338 1722 satis
359 1662 494 1740 exemplo
515 1673 568 1723 est.

138 1758 178 1819 11.
195 1762 251 1836 287
268 1779 334 1839 sqq.
354 1762 396 1821 sic
411 1762 513 1821 tradita
528 1771 596 1822 sunt
609 1761 640 1820 in
654 1761 771 1822 Gembl.

607 1860 646 1919 ad
666 1878 742 1937 quae
763 1859 855 1919 diuisa
876 1860 1024 1938 quaternis

220 1955 352 2017 Partibus
373 1958 487 2036 aequali
508 1958 630 2018 laterum
652 1968 719 2018 sunt
739 1958 858 2018 condita
879 1958 969 2018 ductu

221 2054 357 2128 Quorum
378 2057 512 2134 designat
532 2057 671 2117 normalis
692 2056 805 2134 uirgula
826 2057 909 2117 sedes

141 2172 200 2229 290
222 2138 314 2215 Haec¹
329 2165 359 2215 ta
378 2155 476 2215 lerunt
495 2156 600 2216 libram
620 2155 830 2234 Capricornus,
852 2168 881 2214 et
902 2155 983 2214 illum

222 2252 375 2332 Conspicit
395 2255 473 2314 hunc
494 2255 568 2315 aries
589 2264 677 2333 atque
698 2254 794 2332 ipsum
815 2273 833 2313 a
854 2254 983 2332 partibus
1004 2253 1106 2331 aequis

222 2351 337 2413 Cancer
357 2363 386 2413 et
406 2352 484 2414 hunc
504 2354 570 2415 leua
591 2354 740 2414 subeuntis
761 2353 855 2412 sidera
875 2352 965 2412 librae

222 2449 345 2528 Semper
365 2451 444 2510 enim
464 2451 572 2512 dextris
593 2461 747 2513 censentur
768 2451 853 2528 signa
874 2452 979 2528 priora.

142 2552 199 2625 287
221 2549 344 2610 aduersa
360 2570 384 2610 o.
428 2570 486 2626 290
508 2554 555 2610 ‘in
572 2553 702 2628 margine
719 2551 831 2627 regnum
850 2569 864 2608 r
883 2550 1012 2626 apposuit
1021 2560 1072 2625 pr.
1091 2566 1150 2616 m.,·

99 2649 163 2708 item
177 2657 290 2726 spectat
303 2649 455 2726 adscrzpszt
466 2670 540 2709 man.
551 2670 605 2709 rec.
617 2651 746 2709 z'tzdz'cans
759 2650 786 2708 Ιι.
798 2668 825 2708 u.
834 2649 875 2706 ad
881 2668 939 2707 τισι.
951 2648 1153 2725 Capricornus

93 2744 251 2825 pertemere!
283 2747 459 2807 Homereas.
492 2749 594 2810 Hecca
607 2748 748 2821 Caranus,
767 2746 1025 2819 Vossianiamber,0.
1053 2744 1152 2804 ferunt

99 2846 182 2923 Lt'ps.
209 2845 338 2906 feruntur
361 2866 377 2906 o
399 2847 441 2907 fer
468 2848 547 2920 Cur„
572 2847 638 2908 ferit
663 2847 799 2907 Vossr'anr‘.
837 2846 910 2906 Post
932 2844 1035 2905 libram
1064 2839 1152 2901 Voss.²

100 2945 183 3004 habet
198 2955 290 3005 tortus
305 2950 331 3004 et
345 2947 375 3005 in
390 2965 483 3023 marg.
497 2948 669 3024 adscriptum
684 2945 803 3018 TurtuS,
818 2946 889 3002 unde
903 2943 1021 3002 Iacobus
1035 2942 1153 3018 scripsit

102 3043 222 3104 Haecce
246 3043 310 3104 ferit
332 3042 460 3117 Libram,
484 3055 574 3106 tortus
596 3045 793 3122 Capricornus
817 3053 847 3102 et
870 3042 957 3102 illam.
1002 3060 1057 3117 291
1082 3040 1152 3100 hinc

101 3141 252 3204 Bentlezies.
293 3152 380 3222 atque
393 3143 472 3202 illum
486 3162 502 3202 o
517 3144 648 3204 Vosszizm'
684 3161 793 3220 equum
814 3141 901 3202 Voss.²

144 3242 204 3301 Hic
240 3242 278 3301 de
313 3243 472 3319 tetragonis
507 3242 642 3322 loquitur,
672 3242 734 3301 siue
767 3241 856 3317 signis
889 3237 1044 3318 quadratis.
1093 3235 1152 3295 His

103 3341 201 3400 minor
220 3341 265 3400 uis
286 3351 329 3401 est
349 3359 439 3420 quam
461 3343 591 3419 trigonis
611 3352 643 3401 ut
663 3341 725 3418 ipse
746 3340 817 3399 dicit
838 3358 895 3414 332
913 3355 976 3414 sqq.
996 3335 1056 3395 Sed
1072 3337 1152 3411 longe

103 3441 196 3500 maim
209 3440 255 3498 uis
268 3446 310 3498 est
317 3450 373 3516 per
384 3441 469 3517 regna
482 3444 592 3518 trigoni
605 3440 696 3513 Quam
710 3439 810 3516 qm'bus
823 3445 864 3496 est
874 3438 973 3496 titulus
986 3434 1036 3493 sub
1050 3438 1154 3510 quarto

102 3557 208 3618 quoque
220 3539 377 3616 quadram.
419 3539 455 3598 Id
469 3540 624 3599 discrimen
638 3539 734 3599 uerbis
749 3537 829 3595 Haec
843 3542 872 3594 ta
887 3535 949 3594 siue
962 3533 1049 3591 Hetta
1062 3531 1152 3591 latere

103 3637 213 3699 credo:
250 3654 319 3696 nam
346 3637 416 3710 ἦπα,
444 3639 541 3711 ἥττημα
568 3637 712 3698 uocabula
741 3635 1021 3695 mathematicorum.
1063 3628 1154 3687 Firm.

105 3737 231 3796 Mathes
253 3735 291 3795 iii.
313 3755 331 3812 9
353 3738 427 3814 tiosos
446 3743 537 3797 tamem
552 3738 648 3815 faciet
669 3737 850 3796 hetlemote'cos
877 3740 903 3792 et
920 3732 1020 3808 prema
1048 3737 1154 3805 semper

104 3841 192 3898 aetate
218 3835 339 3899 ammos.
388 3839 491 3919 ltaque
518 3837 606 3897 Hem
634 3835 695 3896 siue
718 3831 803 3892 Ἠπα
818 3833 899 3910 ferit
923 3846 1045 3908 repono,
1072 3825 1100 3886 h.
1126 3842 1155 3884 e.
