2760 4448
672 249 708 298 11
1171 236 1214 321 63

162 402 363 486 designandos
387 426 418 467 se
443 407 597 484 accingat:
627 427 688 468 non
713 418 811 468 autem
836 410 971 477 dc'stircct,·
995 418 1108 469 tantum
1131 409 1211 469 enim

162 511 247 567 abest
264 518 295 567 ut
310 516 459 567 cunctetur
480 508 510 565 in
531 507 656 584 agendo,
671 517 702 566 ut
721 508 771 565 uix
793 508 936 567 destinato
950 526 1038 585 opere
1052 510 1109 566 iam
1125 507 1214 568 siluas

161 607 273 676 caedat,
284 608 403 665 arbores
414 606 526 678 deiciat,
537 607 661 682 spatium
676 607 802 665 facturus
813 607 893 666 urbis
902 607 1022 665 futurae.
1054 604 1214 665 Manifesto

162 715 353 782 opponuntur
368 706 482 763 animus
496 704 577 781 quod
591 705 723 777 destinat,
736 723 841 764 manus
856 706 936 783 quod
950 705 1070 781 perficit.
1112 705 1214 782 Itaque

162 804 210 862 hic
225 822 341 881 quoque
357 802 493 862 standum
506 822 573 862 cum
589 803 704 862 Gembl.

212 903 300 960 Vertit
311 921 386 979 opus
406 903 511 962 eodem
529 903 600 962 uitio
619 922 655 962 ex
670 903 776 962 Feruc't
787 904 980 974 immutatum,
999 920 1060 978 quo
1080 903 1156 960 nr‘cta
1177 920 1214 961 ex

153 1002 228 1078 ficta
242 1001 279 1059 V.
296 1015 363 1076 741,
378 1003 455 1060 utiles
469 1021 504 1060 ex
512 1003 588 1078 fides
602 1001 639 1061 V.
655 1006 723 1077 647.
749 1003 911 1079 Vergilium
926 1003 1052 1060 imitatus
1067 1012 1111 1060 est
1125 1000 1163 1060 G.
1177 1001 1213 1060 iv.

166 1101 224 1175 169
239 1099 343 1158 Ferur't
354 1111 428 1176 epus,
449 1102 620 1177 redolentque
640 1102 731 1178 thyma
740 1101 922 1179 fragrantia
943 1102 1033 1173 mella,
1048 1100 1098 1159 ubi
1112 1099 1217 1158 Feruit

162 1196 272 1257 habent
286 1199 411 1258 schedae
426 1198 594 1259 Vaticanae.

205 1297 244 1356 11.
262 1300 360 1371 784-8
376 1299 417 1356 sic
432 1307 531 1356 extant
544 1298 574 1355 in
588 1297 705 1357 Gembl.

288 1395 335 1455 Sic
357 1395 428 1454 mihi
448 1397 594 1455 cunctanti
616 1407 713 1456 tantae
735 1397 890 1456 succedere
911 1396 981 1455 moli

206 1496 265 1568 785
288 1492 427 1553 Materies
447 1495 574 1571 primum
596 1514 693 1554 rerum
714 1496 826 1555 ratione
847 1505 960 1554 remota

288 1593 446 1652 Tradenda
467 1603 519 1666 est,
542 1593 616 1652 ratio
637 1613 673 1653 ne
694 1595 731 1656 sit
747 1604 814 1670 post
834 1594 914 1653 irrita
934 1612 1009 1652 neue

286 1692 467 1768 Argumenta
488 1693 573 1751 nouis
595 1702 729 1769 stupeant
750 1694 898 1753 nascentia
919 1695 1014 1751 rebus

206 1795 264 1867 784
286 1791 434 1850 cunctanti
458 1791 588 1850 Varciani
606 1793 711 1851 cctanti
736 1791 803 1851 Cus.
825 1793 989 1850 intractanti
1010 1811 1025 1849 0
1046 1791 1117 1848 mihi
1139 1800 1215 1852 trac·

162 1891 236 1949 tanti
263 1889 390 1966 Regiam.
419 1889 523 1949 Melr'n.
555 1910 622 1948 nnn
656 1891 803 1966 captanti?
857 1892 914 1965 786
944 1890 980 1949 sit
1012 1907 1050 1948 ne
1086 1889 1219 1950 Vossiani

164 1994 221 2065 787
238 1999 376 2066 superant
401 1989 486 2047 Vess.¹
507 2008 574 2047 num
590 1991 744 2067 stupeam?

98 2140 101 2146 .
207 2087 432 2147 Cunctantilicet
441 2087 556 2148 Gembl.
569 2107 636 2148 cum
648 2088 768 2147 Cusano
779 2086 932 2159 tradiderit,
944 2097 1043 2145 tamen
1055 2086 1132 2146 aliud
1143 2085 1213 2164 quid

161 2187 277 2246 uidetur
291 2188 380 2246 latere
401 2187 432 2244 in
446 2188 586 2245 tractanti
596 2186 676 2263 quod
692 2170 805 2246 ”multos
821 2186 937 2245 codices
955 2186 1069 2244 inuasit.
1112 2185 1214 2244 Mark-

161 2286 268 2345 landus
279 2287 395 2344 cenanti
400 2285 583 2355 emendabat,
591 2285 641 2344 sed
650 2287 829 2344 tractantiex
838 2287 967 2361 captanti
973 2285 1071 2360 potius
1081 2285 1214 2342 uitiatum

161 2403 235 2444 reor.
252 2383 405 2442 Rariorem
423 2401 508 2441 usum
527 2402 595 2443 cum
612 2384 726 2443 infinito
744 2384 932 2442 Forcellinius
947 2403 983 2442 ex
999 2381 1109 2441 Ouidio
1128 2380 1171 2439 Μ.
1187 2402 1215 2441 x.

163 2501 203 2558 50
211 2484 368 2560 prendique
381 2488 407 2540 et
411 2483 549 2559 prendere
563 2490 686 2559 captans,
698 2483 744 2541 bis
758 2501 795 2540 ex
809 2482 944 2541 Phaedro
956 2482 991 2540 iv.
1005 2484 1032 2540 8.
1045 2482 1062 2538 6
1078 2479 1157 2552 Ouid
1165 2500 1214 2543 me.

162 2584 261 2657 rnqurt,
273 2583 360 2639 stulta
371 2582 446 2638 dente
459 2587 555 2657 captas
568 2581 699 2639 laederet
711 2600 736 2638 v.
748 2601 775 2657 3.
789 2600 803 2638 2
818 2580 909 2652 Quam
923 2581 1077 2656 opprimere
1089 2586 1214 2655 captans,

161 2679 289 2756 denique
304 2699 340 2738 ex
352 2678 514 2739 Columella
521 2679 578 2736 viii.
593 2699 626 2737 11
638 2686 755 2757 captans
765 2681 885 2755 undique
894 2681 1045 2755 uoluptates
1060 2680 1213 2753 acquirere,

161 2776 354 2854 adprobauit:
382 2777 490 2855 quibus
511 2777 585 2836 adde
608 2777 666 2836 Cir.
689 2780 748 2853 383
773 2777 845 2835 Turn
866 2780 948 2853 lenge
968 2778 1099 2852 quomam
1120 2781 1217 2852 captat

160 2895 325 2935 succurrere
339 2877 441 2936 amori.
482 2876 518 2934 In
536 2879 591 2951 787
608 2876 708 2936 nescio
732 2895 770 2936 an
791 2875 1011 2953 praeferendum
1033 2875 1068 2934 sit
1082 2881 1215 2950 stupeam.

161 2974 243 3046 Quid
264 2975 362 3033 enim?
382 2984 498 3033 ueretur
518 2993 556 3033 ne
578 2975 602 3033 si
624 2993 727 3034 causas
748 2973 943 3033 astronomiae
968 2983 1035 3031 ante
1058 2972 1214 3032 reddiderit
1286 2968 1288 2973 ’

161 3092 253 3151 quam
264 3073 366 3131 dixerit
374 3072 444 3149 quid
457 3082 545 3150 agant
555 3073 658 3144 sidera,
665 3073 891 3148 necopinantem
900 3071 1049 3130 offendant
1061 3089 1155 3129 nouae
1168 3089 1214 3130 res

161 3191 239 3250 quae
260 3184 433 3248 argumenta
453 3192 488 3232 ac
510 3173 637 3232 rationes
656 3173 839 3248 redarguant.
876 3171 925 3230 Sic
939 3171 976 3230 V.
992 3185 1051 3246 355
1067 3178 1217 3230 mutarunt

160 3290 217 3350 pro
231 3277 382 3342 mutarum,
396 3273 533 3329 cumdum
548 3290 602 3348 pro
617 3272 733 3328 c'rctcndit
745 3271 776 3328 in
790 3281 911 3348 utroque
920 3269 1066 3331 Vossiano
1081 3270 1104 3329 I.
1123 3275 1189 3330 108.
1268 3308 1270 3312 .

204 3370 243 3429 11.
260 3372 400 3445 813-815
423 3371 464 3428 sic
478 3379 578 3429 extant
593 3370 623 3427 in
637 3369 753 3428 Gembl.

288 3467 404 3528 Scilicet
423 3467 496 3527 haec
517 3468 606 3526 tutela
627 3468 710 3527 decet
731 3467 845 3544 fastigia
866 3485 982 3527 summa

288 3565 436 3641 Quicquid
457 3576 489 3625 ut
510 3566 636 3625 emineat
659 3566 713 3624 sibi
734 3566 861 3625 uindicet
883 3577 911 3624 et
932 3565 1004 3625 deus
1025 3566 1107 3624 omni

287 3666 406 3724 Asserat
426 3675 454 3724 et
475 3665 572 3723 uarios
593 3665 748 3723 tribuendo
770 3674 851 3740 reget
871 3664 1008 3722 honores.

205 3768 263 3838 814
280 3774 309 3824 et
324 3764 395 3822 deus
409 3765 633 3838 codicespraeter
654 3761 739 3823 Vasr.²
781 3773 810 3822 et
827 3762 857 3821 ai
875 3760 982 3841 (aliter)
1005 3758 1090 3819 Voss.²
1131 3759 1214 3818 omni

165 3863 234 3923 Cur.
255 3859 344 3922 Voss.²
364 3880 452 3922 omne
474 3859 559 3922 Vess.¹
581 3861 676 3920 omnis
698 3862 751 3934 ba.
793 3861 865 3920 Eto
885 3863 991 3938 quidem
1007 3860 1056 3931 bis,
1073 3878 1142 3918 nam
1150 3867 1217 3934 pest
