2760 4448
616 288 641 340 ν
1105 290 1164 359 171

118 446 258 509 intellexit
278 446 431 508 Manilium
451 447 498 509 hic
520 467 556 509 ex
576 447 686 510 Ouidio
706 447 833 526 pendere
854 447 927 509 Met.
941 449 997 509 viii.
1014 451 1164 525 abo-546,

119 548 169 607 ubi
183 546 312 607 fabulam
329 548 391 625 apri
405 546 560 625 Calydonii
575 549 613 607 ab
626 547 764 607 Atalanta
778 558 806 608 et
821 547 973 625 Meleagro
988 548 1087 619 occisi,
1101 558 1168 606 tum¹

120 644 263 723 Meleagri
289 655 414 705 mortem
442 647 472 704 in
497 646 591 722 stipite
616 647 760 705 combusti
788 664 840 723 per
863 647 1018 705 Althaeam
1042 656 1165 704 matrem

119 745 271 804 enarrauit.
312 744 402 804 Hunc
423 763 549 822 sequens
566 745 735 805 Gronouius
755 745 948 804 Manilianum
968 764 997 804 u.
1016 758 1071 820 177
1088 744 1165 802 Red-

120 842 271 918 dentemque
291 849 353 901 tuae
366 854 422 920 per
442 852 554 902 mertem
575 863 691 901 munera
712 845 803 902 matri
821 845 929 921 optime
950 844 1108 920 explicauit
1128 862 1165 903 ex

120 938 193 1000 Met.
210 941 266 1000 viii.
287 955 345 1015 504
364 940 472 1018 Bz'sqm
492 943 596 1013 datam,
611 943 741 1017 primum
755 950 854 1017 portu,
875 962 944 1001 mox
963 944 1054 1018 stipite
1075 947 1165 1017 rapte,

119 1037 216 1096 Redde
238 1040 385 1099 aesinam:
416 1049 482 1099 sunt
506 1040 585 1098 enim
609 1058 725 1097 munera
749 1058 823 1116 quae
848 1040 1016 1118 Meleagros
1044 1041 1169 1099 reddibit

119 1137 204 1194 matri
226 1137 285 1196 uita
309 1155 398 1214 quam
423 1138 468 1197 bis
493 1140 531 1197 ab
552 1156 588 1196 ea
608 1147 769 1214 acceperat,
791 1139 885 1214 primo
907 1140 945 1198 ab
966 1158 1001 1197 ea
1022 1138 1115 1198 editus
1135 1138 1166 1196 in

119 1234 223 1307 lucem,
242 1234 346 1295 deinde
368 1245 497 1295 seruatus
516 1255 534 1294 a
553 1244 646 1295 morte
664 1244 821 1314 postquam
835 1235 960 1295 Althaea
978 1237 1112 1313 stipitem,
1129 1236 1167 1296 de
1274 1270 1277 1277 ·

38 1328 41 1335 '
119 1349 178 1409 quo
193 1333 269 1392 salus
283 1334 342 1392 nati
355 1334 511 1410 pendebat,
526 1353 544 1392 a
559 1334 657 1393 Parcis
671 1334 732 1410 igni
747 1334 914 1410 impositum
935 1336 1078 1411 eripuerat
1091 1345 1121 1394 et
1134 1335 1166 1392 in

118 1430 312 1507 penetralibus
326 1432 390 1491 imis
404 1419 554 1491 abdiderat
569 1429 655 1510 (Met.
664 1432 720 1490 viii.
733 1445 792 1505 450
808 1431 893 1511 sqq).
925 1433 1039 1493 Eodem
1055 1432 1165 1494 Ouidio

119 1528 191 1589 duce
206 1528 373 1589 Gronouius
386 1549 440 1608 pro
454 1530 652 1601 babitantibus,
667 1530 746 1608 quod
760 1548 828 1589 cum
843 1530 961 1591 Barthio
974 1532 1099 1590 Aduers.
1107 1550 1134 1589 v.
1148 1549 1162 1589 1

118 1627 251 1686 delirium
271 1629 384 1704 insigne
406 1628 589 1688 librariorum
609 1639 704 1700 uocat,
723 1628 878 1688 absentibus
899 1631 1050 1689 scribebat.
1092 1628 1165 1689 Met.

117 1726 174 1784 viii.
189 1736 247 1800 515
263 1726 376 1786 Inscziss
395 1734 475 1804 atque
495 1727 592 1786 absens
603 1729 727 1806 flamma
743 1727 905 1804 Meleagros
926 1728 962 1787 ab
983 1731 1034 1787 illa
1055 1729 1164 1789 Veitur.

118 1821 252 1884 Bentleio
272 1842 390 1902 quoque
412 1825 485 1885 haec
499 1825 644 1885 Gronouii
662 1825 829 1884 coniectura
846 1836 925 1885 certa
944 1827 1007 1886 uisa
1025 1836 1078 1899 est,
1096 1845 1165 1886 cum

118 1929 177 1980 tres
191 1922 262 1981 alios
276 1921 357 1982 locos
371 1923 495 1983 adferret
507 1924 558 1982 ubi
569 1923 605 1982 de
617 1921 768 1999 Meleagro
784 1923 825 1982 sic
839 1935 977 2000 pereunte
991 1924 1068 1983 idem
1079 1943 1166 1984 uoca-

117 2019 220 2078 bulum
228 2021 325 2079 absens
333 2021 454 2080 inlatum
463 2021 637 2097 est,Ib.603,
646 2021 896 2098 Rem.721,Prop.
906 2023 997 2082 iiiea.
1007 2041 1055 2098 31.
1079 2022 1166 2082 Adde

118 2117 199 2194 quod
213 2117 391 2178 Vossianus²
405 2120 565 2178 habentibus
578 2129 713 2196 praestat,
727 2137 790 2178 non
804 2129 835 2178 ut
849 2121 937 2179 ceteri
951 2120 1142 2180 babitantibus
1151 2141 1164 2180 .·

118 2216 256 2293 quodque
280 2227 349 2294 post
372 2218 583 2294 adspirantibus
610 2219 641 2276 in
669 2230 734 2292 175,
759 2218 809 2276 uix
837 2218 958 2277 altemm
981 2219 1164 2297 participium

118 2312 258 2373 Manilius
282 2315 376 2374 isdem
401 2316 499 2375 litteris
523 2316 653 2375 clausum
677 2316 816 2374 inlaturus
835 2315 919 2376 erat¹.
961 2316 1046 2394 Fugit
1066 2327 1165 2375 tamen

118 2411 305 2472 Gronouium
329 2414 415 2474 etiam
441 2418 497 2489 178
523 2434 560 2473 ex
584 2414 693 2475 Ouidio
721 2432 892 2491 expressum
916 2413 1014 2474 fuisse.
1056 2414 1116 2487 Qui
1140 2415 1166 2474 si

117 2508 300 2588 Meleagrum
325 2530 446 2573 narrans
471 2532 538 2573 cum
563 2513 682 2573 ardente
707 2512 803 2590 stipite
829 2513 914 2572 simul
938 2514 1067 2591 extingui
1091 2513 1166 2574 haec

117 2609 230 2687 scripsit

633 2701 766 2752 crescunt
786 2693 920 2770 ignisque
941 2693 1083 2770 dolorque

240 2788 503 2869 Languescuntque
523 2792 644 2850 iterum:
666 2789 753 2850 simul
773 2801 818 2850 est
839 2791 982 2851 extinctus
1001 2802 1131 2869 uterque.

239 2888 333 2965 Inque
354 2889 433 2948 leues
454 2889 524 2948 abiit
544 2890 682 2967 paulatim
703 2889 820 2965 spiritus
842 2907 926 2948 auras

240 2987 383 3046 Paulatim
403 3006 477 3047 cana
499 3006 623 3064 prunam
644 2986 759 3045 uelante
779 2986 884 3059 fauilla,

114 3093 195 3153 idem
210 3093 282 3153 dixit
294 3094 434 3171 prolixius
448 3093 527 3170 quod
541 3092 681 3153 Manilius
695 3094 724 3151 in
738 3111 830 3152 unum
844 3112 961 3153 uersum
976 3095 1129 3155 contraxit.

159 3192 243 3252 Haec
262 3193 286 3252 si
302 3211 372 3252 uere
391 3193 579 3269 disputantur,
596 3192 779 3252 scribendum
801 3193 854 3252 erit
874 3194 904 3253 in
922 3205 977 3269 179
992 3193 1165 3266 Atalanteos,

116 3290 197 3368 quod
217 3291 249 3350 in
263 3289 426 3352 Vossiano²
445 3292 557 3367 legitur,
576 3309 638 3350 non
653 3291 807 3363 Atlanteos,
827 3300 859 3349 ut
879 3291 995 3351 uolebat
1016 3291 1165 3352 Bentleius

116 3389 154 3449 de
168 3388 297 3449 Hercule
315 3399 455 3450 uenatore
477 3388 640 3469 (Claudian.
656 3392 692 3449 de
708 3390 736 3447 iv
751 3407 831 3448 cons
846 3389 973 3449 Honorii
990 3387 1061 3466 533)
1077 3391 1164 3449 inter·

116 3497 239 3565 protana
270 3487 367 3548 Etiam
381 3489 438 3548 hoc
452 3507 538 3548 uersu
549 3488 690 3548 Ouidium
705 3498 820 3547 secutus
831 3499 875 3547 est
889 3486 1034 3547 Manilius.
1066 3486 1165 3548 Prima

116 3586 197 3646 enim
222 3605 326 3664 aprum
354 3588 488 3664 quamuis
516 3588 573 3646 leui
600 3587 720 3646 uulnere
747 3585 885 3645 Atalanta
919 3586 1040 3656 strinxit,
1069 3587 1164 3664 prima

149 3765 284 3818 ¹Huetius
305 3767 477 3819 babitantibus
499 3769 673 3834 interpretatus
696 3774 733 3818 est
755 3765 891 3816 ‘trossebot
914 3764 1035 3815 intestinis
1043 3762 1058 3825 ς’
1083 3782 1163 3831 neque

115 3831 190 3883 aliter
200 3834 323 3883 Breitems
335 3832 379 3898 (de
395 3835 566 3886 emendatione
583 3834 689 3897 Manilii,
703 3831 909 3896 Hanover1854)
923 3832 1070 3898 ‘exprimere
1083 3833 1168 3890 uoluit,

115 3897 163 3960 riv
174 3896 265 3949 Μίαν
275 3897 377 3965 ontqa’
